%%
%% WinShell 3.3.2.6
%% http://www.winshell.org/
%%

% Strings


% Preamble


% BibTeX Entries
@article{Albert&Chib1993,
 author               = {Albert, J. H. and Chib, S.},
 journal              = {Journal of the American Statistical Association},
 pages                = {669-679},
 title                = {Bayesian analysis of binary and polychotomous response data},
 volume               = {88},
 year                 = {1993},
 }

@article{Alho1990,
 author               = {Alho, J. M.},
 journal              = {Biometrics},
 pages                = {623--635},
 title                = {Logistic regression in capture-recapture models},
 volume               = {46},
 year                 = {1990},
 }

@article{AlisauskasLindberg2002,
 author               = {Alisauskas, R. T. and Lindberg, M. S.},
 journal              = {Journal of Applied Statistics},
 pages                = {521--537},
 title                = {Effects of neckbands on survival and fidelity of white-fronted and Canada geese captured as non-breeding adults},
 volume               = {29},
 year                 = {2002},
 }

@article{AlonsoEtAl2015,
 author               = {Alonso, R. S. and McClintock, B. T. and Lyren, L. M. and Boydston, E. E. and Crooks, K. R.},
 journal              = {PLoS ONE},
 title                = {Mark-recapture and mark-resight methods for estimating abundance with remote cameras: a carnivore case study},
 volume               = {10},
 pages                = {e0123032},
 year                 = {2015},
 }

@phdthesis{Alt1989,
 address              = {Morgantown, WV, USA},
 author               = {Alt, G. L.},
 school               = {West Virginia University},
 title                = {Reproductive biology of female black bears and early growth and development of cubs in northeastern Pennsylvania},
 year                 = {1989},
 }

@techreport{AndersonEtAl1992,
 author               = {Anderson, A. E. and Bowden, D. C. and Kattner, D. M.},
 intitution           = {Colorado Division of Wildlife},
 number               = {DOW-R-T-40-92},
 title                = {The puma on Uncompahgre Plateau, Colorado},
 year                 = {1992},
 }

@article{AnganuzziEtAl1994,
 author               = {Anganuzzi, A. and Hilborn, R. and Skalski, J. R.},
 journal              = {Canadian Journal of Fisheries and Aquatic Sciences},
 pages                = {734-742},
 title                = {Estimation of size-selectivity and movement rates from mark recovery data},
 volume               = {51},
 year                 = {1994},
 }

@article{Arnason1972,
 author               = {Arnason, A. N.},
 journal              = {Researches in Population Ecology},
 pages                = {97-113},
 title                = {Parameter estimation for mark-recapture experiments on two populations subject to migration and death},
 volume               = {13},
 year                 = {1972},
 }

@article{Arnason1973,
 author               = {Arnason, A. N.},
 journal              = {Researches in Population Ecology},
 pages                = {1-8},
 title                = {The estimation of population size, migration rates, and survival in a stratified population},
 volume               = {15},
 year                 = {1973},
 }

@article{ArzoumanianEtAl2005,
 author               = {Arzoumanian, Z. and Holmberg, J. and Norman, B.},
 journal              = {Journal of Applied Ecology},
 owner                = {paul.conn},
 pages                = {999-1011},
 timestamp            = {2009.12.21},
 title                = {An astronomical pattern-matching algorithm for computer-aided identification of whale sharks {\it{R}hincodon typus}},
 volume               = {42},
 year                 = {2005},
 }

@article{Bailey2004,
 author               = {Bailey, L. L.},
 journal              = {Herpetological Review},
 pages                = {38-41},
 title                = {Evaluating elastomer marking and photo-identification methods for terrestrial salamanders: marking effects and observer bias},
 volume               = {35},
 year                 = {2004},
 }

@article{BarkerEtAl2004,
 author               = {Barker, R. J. and Burnham, K. P. and White, G. C.},
 journal              = {Statistica Sinica},
 pages                = {1037-1056},
 title                = {Encounter history modeling of joint mark-recapture, tag-resighting and tag-recovery data under temporary emigration},
 volume               = {14},
 year                 = {2004},
 }

@article{BarkerKavalieris2001,
 author               = {Barker, R. J. and Kavalieris, L.},
 journal              = {Biometrics},
 pages                = {563-566},
 title                = {Efficiency gain from auxiliary data requiring additional nuisance parameters},
 volume               = {57},
 year                 = {2001},
 }

@article{BarkerLink2013,
  title={Bayesian multimodel inference by {RJMCMC}: A {G}ibbs sampling approach},
  author={Barker, Richard J and Link, William A},
  journal={The American Statistician},
  volume={67},
  number={3},
  pages={150-156},
  year={2013},
  publisher={Taylor \& Francis}
}

@article{BarryEtAl2003,
 author               = {Barry, S. C. and Brooks, S. P. and Catchpole, E. A. and Morgan, B. J. T.},
 journal              = {Biometrics},
 pages                = {54-65},
 title                = {The analysis of ring-recovery data using random effects},
 volume               = {59},
 year                 = {2003},
 }

@article{Basson99,
 author               = {Basson, M.},
 journal              = {ICES Journal of Marine Science},
 pages                = {933-942},
 title                = {The importance of environmental factors in the design of management procedures},
 volume               = {56},
 }

@article{Basu&Ebrahimi2001,
 author               = {Basu, S. and Ebrahimi, N.},
 journal              = {Biometrika},
 pages                = {269-279},
 title                = {Bayesian capture-recapture methods for error detection and estimation of population size: heterogeneity and dependence},
 volume               = {88},
 year                 = {2001},
 }

@article{BeamishMcFarlane1983,
 author               = {Beamish, R. J. and McFarlane, G. A.},
 journal              = {Transactions of the American Fisheries Society},
 pages                = {735-743},
 title                = {The forgotten requirement for age validation in fisheries biology},
 volume               = {112},
 year                 = {1983},
 }

@techreport{Beck1991,
 address              = {Fort Collins, Colorado},
 author               = {Beck, T. D. I.},
 institution          = {Colorado Division of Wildlife},
 number               = {Tech. Publ. 39 DOW-R-T-39-91},
 title                = {Black bears in west-central {C}olorado},
 year                 = {1991},
 }

@article{BentonEtAl2003,
 author               = {Benton, D. and Krishnamoorthy, K. and Mathew, T.},
 journal              = {The Statistician},
 pages                = {15-39},
 title                = {Inferences in multivariate-univariate calibration problems},
 volume               = {52},
 year                 = {2003},
 }

@incollection{BernardoJuarez2003,
 address              = {Oxford},
 author               = {Bernardo, J. M. and Ju\'{a}rez, M. A.},
 booktitle            = {Bayesian Statistics},
 editor               = {Bernardo, J. M. and Bayarri, M. J. and Berger, J. O. and Dawid, A. P. and Heckerman, D. and Smith, A. F. M. and West, M.},
 pages                = {465-476},
 publisher            = {Oxford University Press},
 title                = {Intrinsic estimation},
 year                 = {2003},
 }

@article{BerrowEtAl2012,
 author               = {Berrow, S. and O'Brien, J. and Groth, L. and Foley, A. and Voigt, K.},
 journal              = {Aquatic Mammals},
 pages                = {136-144},
 title                = {Abundance estimate of bottlenose dolphins ({\it {T}ursiops truncatus}) in the {L}ower {R}iver {S}hannon candidate {S}pecial {A}rea of {C}onservation, {I}reland},
 volume               = {38},
 year                 = {2012},
 }

@article{BesbeasEtAl2002,
 author               = {Besbeas, P. and Freeman, S. N. and Morgan, B. J. T. and Catchpole, E. A.},
 journal              = {Biometrics},
 pages                = {540-547},
 title                = {Integrating mark-recapture-recovery and census data to estimate animal abundance and demographic parameters},
 volume               = {58},
 year                 = {2002},
 }

@article{BesbeasEtAl2005,
 author               = {Besbeas, P. and Freeman, S. N. and Morgan, B. J. T.},
 journal              = {Australian \& New Zealand Journal of Statistics},
 pages                = {35-48},
 title                = {The potential of integrated population modelling},
 volume               = {47},
 year                 = {2005},
 }
 
@article{BestleyEtAl2016,
  title={Putting the behavior into animal movement modeling: Improved activity budgets from use of ancillary tag information},
  author={Bestley, Sophie and Jonsen, Ian and Harcourt, Robert G and Hindell, Mark A and Gales, Nicholas J},
  journal={Ecology and Evolution},
  volume={6},
  number={22},
  pages={8243--8255},
  year={2016},
  publisher={Wiley Online Library}
}

@article{Beverton1992,
 author               = {Beverton, R. J. H.},
 journal              = {Journal of Fish Biology},
 pages                = {137-160},
 title                = {Patterns of reproductive strategy parameters in some marine teleost fishes},
 volume               = {41},
 year                 = {1992},
 }

@article{BevertonHolt1957,
 author               = {Beverton, R. J. H. and Holt, S. J.},
 journal              = {U.K. Ministry of Agriculture and Fisheries, Fisheries Investigations (Series 2)},
 pages                = {1-533},
 title                = {On the dynamics of exploited fish populations},
 volume               = {19},
 year                 = {1957},
 }
 
@article{BeyerEtAl2013,
  title={The effectiveness of Bayesian state-space models for estimating behavioural states from movement paths},
  author={Beyer, Hawthorne L and Morales, Juan M and Murray, Dennis and Fortin, Marie-Jos{\'e}e},
  journal={Methods in Ecology and Evolution},
  volume={4},
  number={5},
  pages={433--441},
  year={2013},
  publisher={Wiley Online Library}
}

@book{BishopEtAl1975,
 address              = {Cambridge, MA, USA},
 author               = {Bishop, Y M M and Fienberg, S E and Holland, P W},
 publisher            = {The MIT Press},
 title                = {Discrete Multivariate Analysis: Theory and Practice},
 year                 = {1975},
 }

@article{Bonner2013,
  title={Response to: a new method for estimating animal abundance with two sources of data in capture--recapture studies},
  author={Bonner, Simon},
  journal={Methods in Ecology and Evolution},
  volume={4},
  number={6},
  pages={585-588},
  year={2013},
  publisher={Wiley Online Library}
}

@article{Bonner&Schofield2013,
 author               = {Bonner, S. J. and Schofield, M. R.},
 doi                  = {10.1111/2041-210X.12095},
 journal              = {Methods in Ecology and Evolution},
 title                = {{MC(MC)MC}: exploring {M}onte {C}arlo integration with {MCMC} for mark-recapture models with individual covariates},
 year                 = {2013},
 }

@article{BonnerHolmberg2013,
 author               = {Bonner, S. J. and Holmberg, J.},
 journal              = {Biometrics},
 pages                = {766-775},
 title                = {Mark-recapture with multiple, non-invasive marks},
 volume               = {69},
 year                 = {2013},
 }

@article{BorchersEtAl2006,
 author               = {Borchers, D. L. and Laake, J. L. and Southwell, C. and Paxton, C. G. M.},
 journal              = {Biometrics},
 pages                = {372-378},
 title                = {Accomodating unmodeled heterogeneity in double-observer distance sampling surveys},
 volume               = {62},
 year                 = {2006},
 }

@article{BoulangerM2001,
 author               = {Boulanger, J. and McLellan, B.},
 journal              = {Canadian Journal of Zoology},
 pages                = {642--651},
 title                = {Closure violation in {DNA}-based mark-recapture estimation of grizzly bear populations},
 volume               = {79},
 year                 = {2001},
 }

@article{BoulangerMcLellan2001,
 author               = {Boulanger, J. and McLellan, B.},
 journal              = {Canadian Journal of Zoology},
 pages                = {642--651},
 title                = {Closure violation in {DNA}-based mark-recapture estimation of grizzly bear populations},
 volume               = {79},
 year                 = {2001},
 }

@book{BoxDraper1987,
 address              = {New York, NY, USA},
 author               = {Box, G. E. P. and Draper, N. R.},
 publisher            = {John Wiley \& Sons},
 title                = {Empirical Model-Bulding and Response Surfaces},
 year                 = {1987},
 }

@article{BrodziakLegault05,
 author               = {Brodziak, J. and Legault, C. M.},
 journal              = {Canadian Journal of Fisheries and Aquatic Sciences},
 pages                = {544-562},
 title                = {Model averaging to estimate rebuilding targets for overfished stocks},
 volume               = {62},
 year                 = {2005},
 }

@article{Brooks1997,
 author               = {Brooks, S. P.},
 journal              = {The Statistician},
 pages                = {69--100},
 title                = {Markov chain {Monte} {Carlo} method and its application},
 volume               = {47},
 year                 = {1997},
 }

@inproceedings{BrooksEtAl1999,
 author               = {Brooks, S. P.},
 booktitle            = {Bayesian Statistics 6},
 editor               = {Bernardo, J. M. and Berger, J. O. and Dawid, A. P. and Smith, A. F. M.},
 pages                = {723--731},
 publisher            = {Oxford University Press},
 title                = {Bayesian analysis of animal abundance data via {MCMC}},
 year                 = {1999},
 }

@article{BrooksEtAl1999B,
 author               = {Brooks, S. P. and Catchpole, E. A. and Morgan, B. J. T.},
 journal              = {Statistical Science},
 note                 = {to appear},
 title                = {{Bayesian} animal survival estimation},
 year                 = {1999},
 }

@article{BrooksEtAl2000,
 author               = {Brooks, S. P. and Catchpole, E. A. and Morgan, B. J. T.},
 journal              = {Statistical Science},
 pages                = {357-376},
 title                = {{Bayesian} animal survival estimation},
 volume               = {15},
 year                 = {2000},
 }

@article{BrooksEtAl2009,
 author               = {Brooks, E. N. and Powers, J. E. and Cort\'{e}s},
 journal              = {ICES Journal of Marine Science},
 pages                = {000-000.},
 title                = {Analytic reference points for age-sturctured models: Application to data-poor fisheries},
 volume               = {67},
 year                 = {2009},
 }

@article{BrooksRoberts1999,
 author               = {Brooks, S P and Roberts, G O},
 journal              = {Statistics and Computing},
 pages                = {319--335},
 title                = {Assessing convergence of {M}arkov Chain {M}onte {C}arlo algorithms},
 volume               = {8},
 year                 = {1999},
 }

@article{Brown1982,
 author               = {Brown, P. J.},
 journal              = {Journal of the Royal Statistical Society, Series B (Methodological)},
 pages                = {287-321},
 title                = {Multivariate calibration},
 volume               = {44},
 year                 = {1982},
 }

@booklet{Brownie1985,
 address              = {Washington, DC},
 author               = {Brownie, C. and Anderson, D. R. and Burnham, K. P. and Robson, D. S.},
 howpublished         = {US Fish and Wildlife Resource Publication (156)},
 title                = {Statistical Inference From Band Recovery Data: A Handbook},
 year                 = {1985},
 }

@booklet{BrownieEtAl1985,
 address              = {Washington, DC},
 author               = {Brownie, C. and Anderson, D. R. and Burnham, K. P. and Robson, D. S.},
 howpublished         = {US Fish and Wildlife Resource Publication (156)},
 title                = {Statistical Inference From Band Recovery Data: A Handbook},
 year                 = {1985},
 }

@article{BrownieEtAl1993,
 author               = {Brownie, C. and Hines, J. E. and Nichols, J. D. and Pollock, K. H. and Hestbeck, J. B.},
 journal              = {Biometrics},
 pages                = {1173-1187},
 title                = {Capture-recapture studies for multiple strata including non-Markovian transitions},
 volume               = {49},
 year                 = {1993},
 }

@article{BucklandEtAl2004,
 author               = {Buckland, S. T. and Newman, K. B. and Thomas, L. and Koester, N.},
 journal              = {Ecological Modelling},
 pages                = {157-175},
 title                = {State-space models for dynamics of wild animal populations},
 volume               = {171},
 year                 = {2004},
 }

@incollection{Burnham1993,
 address              = {Switzerland},
 author               = {Burnham, K. P.},
 booktitle            = {Marked Individuals in the Study of Bird Populations},
 editor               = {Lebreton, J. -D. and North, P. M.},
 pages                = {199--213},
 publisher            = {Birkhauser},
 title                = {A theory for combined analysis of ring recovery and recapture data},
 year                 = {1993},
 }

@book{BurnhamAnderson2002,
 address              = {New York},
 author               = {Burnham, K. P. and Anderson, D. R.},
 publisher            = {Springer-Verlag},
 title                = {Model selection and multimodel inference: a practical information-theoretic approach, 2nd Edition},
 year                 = {2002},
 }

@article{BurnhamEtAl1987,
 author               = {Burnham, K. P. and Anderson, D. R. and White, G. C. and Brownie, C. and Pollock, K. H.},
 journal              = {American Fisheries Society Monograph},
 pages                = {1-437},
 title                = {Design and analysis methods for fish survival experiments based on release-recapture},
 volume               = {5},
 year                 = {1987},
 }

@article{BurnhamOverton1979,
 author               = {Burnham, K. P. and Overton, W. S.},
 journal              = {Ecology},
 pages                = {927--936},
 title                = {Robust estimation of population-size when capture probabilities vary among animals},
 volume               = {60},
 year                 = {1979},
 }

@article{BurnhamRexstad1993,
 author               = {Burnham, K. P. and Rexstad, E. A.},
 journal              = {Biometrics},
 pages                = {1194-1208},
 title                = {Modeling heterogeneity in survival rates of banded waterfowl},
 volume               = {49},
 year                 = {1993},
 }
 
@article {CalabreseEtAl2016,
author = {Calabrese, Justin M. and Fleming, Chris H. and Gurarie, Eliezer},
title = {ctmm: an {R} package for analyzing animal relocation data as a continuous-time stochastic process},
journal = {Methods in Ecology and Evolution},
volume = {7},
number = {9},
issn = {2041-210X},
url = {http://dx.doi.org/10.1111/2041-210X.12559},
doi = {10.1111/2041-210X.12559},
pages = {1124--1132},
keywords = {autocorrelated kernel density estimation, home range estimation, non-Markovian maximum likelihood, periodogram analysis, tracking data, variogram analysis},
year = {2016},
}


@article{CalambokidisBarlow2004,
 author               = {Calambokidis, J. and Barlow, J.},
 journal              = {Marine Mammal Science},
 owner                = {paul.conn},
 pages                = {63-85},
 timestamp            = {2009.12.21},
 title                = {Abundance of blue and humpback whales in the eastern North Pacific estimated by capture-recapture and line-transect methods},
 volume               = {20},
 year                 = {2004},
 }

@article{CaleyHone2002,
 author               = {Caley, P. and Hone, J.},
 journal              = {Journal of Animal Ecology},
 pages                = {44-54},
 title                = {Estimating the force of infection; {\it Mycobacterium bovis} infection in feral ferrets {\it Mustela furo} in New Zealand},
 volume               = {71},
 year                 = {2002},
 }

@article{CalvertGauthier2005,
 author               = {Calver, A. M. and Gauthier, G.},
 journal              = {Journal of Applied Ecology},
 pages                = {442--454},
 title                = {Effects of exceptional conservation measures on survival and seasonal hunting mortality in greater snow geese},
 volume               = {42},
 year                 = {2005},
 }

@article{CamEtAl2002,
 author               = {Cam, E. and Link, W. A. and Cooch, E. G. and Monnat, J. Y. and Danchin, E.},
 journal              = {American Naturalist},
 pages                = {96--105},
 title                = {Individual covariation in life-history traits: Seeing the trees despite the forest},
 volume               = {159},
 year                 = {2002},
 }

@article{CampellLagueux2005,
 author               = {Campell, C. L. and Lagueux, C. J.},
 journal              = {Herpetologica},
 pages                = {81--103},
 title                = {Survival probability estimates for large juvenile and adult green turtles (Chelonia mydas) exposed to an artisanal marine fishery in the western Caribbean},
 volume               = {61},
 year                 = {2005},
 }

@book{Carlin1996,
 address              = {London},
 author               = {Carlin, B.P. and Louis, T.A.},
 publisher            = {Chapman \& Hall},
 title                = {Bayes and Empirical Bayes Methods for Data Analysis.},
 year                 = {1996},
 }

@book{CarlinLouis2000,
 address              = {Boca Raton, FL},
 author               = {Carlin, B.P. and Louis, T.A.},
 publisher            = {Chapman \& Hall / CRC Press},
 title                = {Bayes and Empirical Bayes Methods for Data Analysis, 2nd Edition.},
 year                 = {2000},
 }

@article{Carothers1973,
 author               = {Carothers, A. D.},
 journal              = {Biometrics},
 pages                = {79-100},
 title                = {Effects of unequal catchability on Jolly-Seber estimates},
 volume               = {29},
 year                 = {1973},
 }

@book{CasellaBerger1990,
 address              = {Belmont, CA},
 author               = {Casella, G. and Berger, R. L.},
 publisher            = {Duxbury Press},
 title                = {Statistical Inference},
 year                 = {1990},
 }

@article{Castledine1981,
 author               = {Castledine, B. J.},
 journal              = {Biometrika},
 pages                = {197-210},
 title                = {A {B}ayesian analysis of multiple-recapture sampling for a closed population},
 volume               = {68},
 year                 = {1981},
 }

@book{Caswell2001,
 address              = {Sunderland, MA},
 author               = {Caswell, H.},
 publisher            = {Sinauer},
 title                = {Matrix Population Models, 2nd Edition},
 year                 = {2001},
 }

@article{CatchpoleEtAl1998,
 author               = {Catchpole, E. A. and Freeman, S. N. and Morgan, B. J. T. and Harris, M. P.},
 journal              = {Biometrics},
 pages                = {292--304},
 title                = {Integrated Recovery/recapture Data analysis},
 volume               = {54},
 year                 = {1998},
 }

@techreport{CatchpoleMorgan1992,
 address              = {University of Kent, Canterbury, England},
 author               = {Catchpole, E. A. and Morgan, B. J. T.},
 institution          = {Institute of Mathematics and Statistics},
 number               = {UKC/IMS/S92/9},
 title                = {Aspects of boundary estimation in ring-recovery models},
 year                 = {1992},
 }

@article{CatchpoleMorgan1994,
 author               = {Catchpole, E. A. and Morgan, B. J. T.},
 journal              = {J.R. Statist.Soc.~B},
 number               = {2},
 pages                = {917--919},
 title                = {Boundary estimation in ring-recovery models},
 volume               = {56},
 year                 = {1994},
 }

@article{CatchpoleMorgan1996,
 author               = {Catchpole, E. A. and Morgan, B. J. T.},
 journal              = {Biometrics},
 pages                = {664-672},
 title                = {Model selection in ring-recovery models using score tests},
 volume               = {52},
 year                 = {1996},
 }

@article{CatchpoleMorgan1997,
 author               = {Catchpole, E. A. and Morgan, B. J. T.},
 journal              = {Biometrics},
 pages                = {187-196},
 title                = {Detecting parameter redundancy},
 volume               = {84},
 year                 = {1997},
 }

@book{Caughley1977,
 address              = {London},
 author               = {Caughley, G.},
 publisher            = {Wiley},
 title                = {Analysis of vertebrate populations},
 year                 = {1977},
 }

@article{ChaneyEtAl2003,
 author               = {Chaney, R. C. and Blemings, K. P. and Bonner, J. and Klandorf, H.},
 journal              = {Auk},
 pages                = {394--399},
 title                = {Pentosodine as a measure of chronological age in wild birds},
 volume               = {120},
 year                 = {2003},
 }

@book{Charnov1993,
 address              = {Oxford},
 author               = {Charnov, E. L.},
 publisher            = {Oxford University Press},
 title                = {Life history invariants: some explorations of symmetry in evolutionary ecology},
 year                 = {1993},
 }

@article{Chen2004,
 author               = {Chen, D. G.},
 journal              = {North American Journal of Fisheries Management},
 pages                = {724-730},
 title                = {Bias and bias correction in fish recruitment prediction},
 volume               = {24},
 year                 = {2004},
 }

@book{ChenEtAl2000,
 address              = {New York},
 author               = {Chen, M. -H. and Shao, Q. -M. and Ibrahim, J. G.},
 publisher            = {Springer},
 title                = {Monte Carlo Methods in Bayesian Computation},
 year                 = {2000},
 }

@misc{Choquet2007,
 author               = {Choquet, R.},
 title                = {E-SURGE 1-0 user's manual. CEFE UMR 5175, Montpellier, France.},
 url                  = {http://ftp.cefe.cnrs.fr/biom/Soft-CR/},
 year                 = {2007},
 }

@article{ChoquetEtAl2004,
 author               = {Choquet, R. and Reboulet, A. -M. and Pradel, R. and Gimenez, O. and Lebreton, J. -D.},
 journal              = {Biodiversity and Conservation},
 pages                = {207-215},
 title                = {M-SURGE: new software specifically designed for multistate capture-recapture models},
 volume               = {27},
 year                 = {2004},
 }

@incollection{ChoquetEtAl2009,
  title={Program {E}-{SURGE}: a software application for fitting multievent models},
  author={Choquet, R{\'e}mi and Rouan, Lauriane and Pradel, Roger},
  booktitle={Modeling demographic processes in marked populations},
  editor = {Thomson, D. L. and Cooch, E. G. and Conroy, M. J.},
  pages={845-865},
  year={2009},
  publisher={Springer}
}

@article{Clark2004,
 author               = {Clark, W. G.},
 journal              = {Canadian Journal of Fisheries and Aquatic Sciences},
 pages                = {1881-1889},
 title                = {Nonparametric estimates of age misclassification from paired readings},
 volume               = {61},
 year                 = {2004},
 }

@incollection{ClevelandEtAl1992,
 author               = {Cleveland, W. S. and Grosse, E. and Shyu, W. M.},
 booktitle            = {Statistical Models in S},
 editor               = {Chambers, J. M. and Hastie, T. J.},
 publisher            = {Wadsworth},
 title                = {Local regression models},
 year                 = {1992},
 }

@article{Cohen1973,
 author               = {Cohen, J. E.},
 journal              = {American Naturalist},
 pages                = {199-212},
 title                = {Selective host mortality in a catalytic model applied to schistosomiasis},
 volume               = {107},
 year                 = {1973},
 }

@phdthesis{Conn2007,
 address              = {Fort Collins, CO, USA},
 author               = {Conn, P. B.},
 school               = {Colorado State University},
 title                = {Bayesian Analysis of Age-at-harvest Data, with Focus on Wildlife Monitoring Programs},
 year                 = {2007},
 }

@article{ConnDiefenbach2007,
 author               = {Conn, P. B. and Diefenbach, D. R.},
 journal              = {Ecology},
 pages                = {1977-1983},
 title                = {Adjusting age and stage distributions for misclassification errors},
 volume               = {88},
 year                 = {2007},
 }

@article{ConnDiefenbach2007,
 author               = {Conn, P. B. and Diefenbach, D. R.},
 journal              = {Ecology},
 title                = {Adjusting age and stage distributions for misclassification errors},
 volume               = {in press},
 year                 = {2007},
 }

@article{ConnEtAl2005,
 author               = {Conn, P. B. and Doherty Jr., P. F. and Nichols, J. D.},
 journal              = {Ecology},
 pages                = {2536-2541},
 title                = {Comparative Demography of New World Populations of Thrushes (Turdus Spp.): Comment},
 volume               = {86},
 year                 = {2005},
 }

@article{ConnEtAl2006,
 author               = {Conn, P. B. and Arthur, A. D. and Bailey, L. L. and Singleton, G. R.},
 journal              = {Ecological Applications},
 pages                = {829-837},
 title                = {Estimating the abundance of mouse populations of known size: promises and pitfalls of new methods},
 volume               = {16},
 year                 = {2006},
 }

@article{ConnEtAl2008,
 author               = {Conn, P. B. and Diefenbach, D. R. and Laake, J. L. and Ternent, M. A. and White, G. C.},
 journal              = {Biometrics},
 owner                = {paul.conn},
 pages                = {1170-1177},
 timestamp            = {2010.01.21},
 title                = {Bayesian analysis of wildlife age-at-harvest data},
 volume               = {64},
 year                 = {2008},
 }

@book{CoochWhite2005,
 address              = {http://www.phidot.org/software/mark/docs/book/},
 author               = {Cooch, E. G. and White, G. C.},
 title                = {Program {MARK}: A {G}entle {I}ntroduction},
 year                 = {2005},
 }

@article{CorkreyEtAl2008,
 author               = {Corkrey, R. and Brooks, S. and Lusseau, D. and Parsons, K. and Durban, J. W. and Hammond, P. S. and Thompson, P. M.},
 journal              = {Journal of the American Statistical Association},
 owner                = {paul.conn},
 pages                = {948-960},
 timestamp            = {2009.12.21},
 title                = {A {B}ayesian capture-recapture population model with simultaneous estimation of heterogeneity},
 volume               = {103},
 year                 = {2008},
 }
 
@article{Cornelissen2014,
  title={Cosinor-based rhythmometry},
  author={Cornelissen, Germaine},
  journal={Theoretical Biology and Medical Modelling},
  volume={11},
  number={1},
  pages={16},
  year={2014},
  publisher={BioMed Central}
}

@article{CostaEtAl2010,
  title={Accuracy of ARGOS locations of pinnipeds at-sea estimated using Fastloc GPS},
  author={Costa, Daniel P and Robinson, Patrick W and Arnould, John PY and Harrison, Autumn-Lynn and Simmons, Samantha E and Hassrick, Jason L and Hoskins, Andrew J and Kirkman, Stephen P and Oosthuizen, Herman and Villegas-Amtmann, Stella and others},
  journal={PloS one},
  volume={5},
  number={1},
  pages={e8677},
  year={2010},
  publisher={Public Library of Science}
}

@article{CostelloEtAl2004,
 author               = {Costello, C. M. and Inman, K. H. and Jones, D. E. and Inman, R. M. and Thompson, B. C. and Quigley, H. B.},
 journal              = {Wildlife Society Bulletin},
 pages                = {169-176},
 title                = {Reliability of the cementum annuli technique for estimating age of black bears in {N}ew {M}exico},
 volume               = {32},
 year                 = {2004},
 }

@article{CotterBuckland2004,
 author               = {Cotter, A.J.R. and Buckland, S.T.},
 journal              = {Mathematical Biosciences},
 pages                = {1-7},
 title                = {Using the {EM} algorithm to weight data sets of unknown precision when modelling fish stocks},
 volume               = {190},
 year                 = {2004},
 }

@article{Coull&Agresti1999,
 author               = {Coull, B. A. and Agresti, A.},
 journal              = {Biometrics},
 pages                = {294-301},
 title                = {The use of mixed logit models to reflect heterogeneity in capture-recapture studies},
 volume               = {55},
 year                 = {1999},
 }

@book{CoxOakes1984,
 address              = {London},
 author               = {Cox, D. R. and Oakes, D.},
 publisher            = {Chapman and Hall},
 title                = {Analysis of Survival Data},
 year                 = {1984},
 }

@article{CoyGarshelis1992,
 author               = {Coy, P. L. and Garshelis, D. L.},
 journal              = {Canadian Journal of Zoology},
 pages                = {2150-2160},
 title                = {Reconstructing reproductive histories of black bears from incremental layering in dental cementum},
 volume               = {70},
 year                 = {1992},
 }

@article{Darroch1958,
 author               = {Darroch, J. N.},
 journal              = {Biometrika},
 pages                = {343-359},
 title                = {The multiple-recapture census: I. {E}stimation of a closed population},
 volume               = {45},
 year                 = {1958},
 }

@article{DempsterEtAl1977,
 author               = {Dempster, A.P. and Laird, N.M. and Rubin, D.B.},
 journal              = {Journal of the Royal Statistical Society, Series B},
 pages                = {1-38},
 title                = {Maximum likelihood from incomplete data via the EM Algorithm},
 volume               = {39},
 year                 = {1977},
 }

@article{DerisoEtAl1985,
 author               = {Deriso, R. B. and Quinn, T. J. II and Neal, P. R.},
 journal              = {Canadian Journal of Fisheries and Aquatic Sciences},
 pages                = {815-824},
 title                = {Catch-age analysis with auxiliary information},
 volume               = {42},
 year                 = {1985},
 }

@article{DerisoEtAl2007,
 author               = {Deriso, R. B. and Maunder, M. N. and Skalski, J. R.},
 journal              = {Canadian Journal of Fisheries and Aquatic Sciences},
 pages                = {187-197},
 title                = {Variance estimation in integrated assessment models and it's importance for hypothesis testing},
 volume               = {64},
 year                 = {2007},
 }
 
@article{DeRuiterEtAl2017,
  title={A multivariate mixed hidden Markov model to analyze blue whale diving behaviour during controlled sound exposures},
  author={DeRuiter, Stacy L and Langrock, Roland and Skirbutas, Tomas and Goldbogen, Jeremy A and Chalambokidis, John and Friedlaender, Ari S and Southall, Brandon L},
  journal={The Annals of Applied Statistics},
  volume = {11},
  pages = {362-392},
  year={2017}
}

@article{DiefenbachAlt1998,
 author               = {Diefenbach, D. R. and Alt, G. L.},
 journal              = {Journal of Wildlife Management},
 pages                = {1292--1300},
 title                = {Modeling and evaluation of ear tag loss in black bears},
 volume               = {62},
 year                 = {1998},
 }

@article{DiefenbachEtAl2004,
 author               = {Diefenbach, D. R. and Laake, J. L. and Alt, G. L.},
 journal              = {Journal of Wildlife Management},
 pages                = {947--959},
 title                = {Spatio-temporal and demographic variation in the harvest of black bears: Implications for population estimation},
 volume               = {68},
 year                 = {2004},
 }

@article{Dorazio&Rodriguez2012,
 author               = {Dorazio, R. M. and Rodriguez, D. T.},
 journal              = {Methods in Ecology and Evolution},
 pages                = {1093-1098},
 title                = {A {G}ibbs sampler for {B}ayesian analysis of site-occupancy data},
 volume               = {3},
 year                 = {2012},
 }

@article{DorazioRoyle2003,
 author               = {Dorazio, R. M. and Royle, J. A.},
 journal              = {Biometrics},
 pages                = {351--364},
 title                = {Mixture models for estimating the size of a closed population when capture rates vary among individuals},
 volume               = {59},
 year                 = {2003},
 }

@article{Dorn2002,
 author               = {Dorn, M. W.},
 journal              = {North American Journal of Fisheries Management},
 pages                = {280-300},
 title                = {Advice on West Coast rockfish harvest rates from {B}ayesian meta-analysis of stock-recruit relationships},
 volume               = {22},
 year                 = {2002},
 }

@book{DraperSmith1966,
 address              = {New York},
 author               = {Draper, N. R. and Smith, H.},
 publisher            = {John Wiley \& Sons},
 title                = {Applied Regression Analysis},
 year                 = {1966},
 }

@article{DreherEtAl2007,
 author               = {Dreher, B. P. and Winterstein, S. R. and Scribner, K. T. and Lukacs, P. M. and Etter, D. R. and Rosa, G. J. M. and Lopez, V. A. and Libants, S. and Filcek, K. B.},
 journal              = {Journal of Wildlife Management},
 pages                = {2684-2693},
 title                = {Noninvasive estimation of black bear abundance incorporating genotyping errors and harvested bears},
 volume               = {71},
 year                 = {2007},
 }
 
@article{DuchesneEtAl2015,
  title={Equivalence between step selection functions and biased correlated random walks for statistical inference on animal movement},
  author={Duchesne, Thierry and Fortin, Daniel and Rivest, Louis-Paul},
  journal={PloS one},
  volume={10},
  number={4},
  pages={e0122947},
  year={2015},
  publisher={Public Library of Science}
}

@article{Dupont1983,
 author               = {Dupont, W. D.},
 journal              = {Biometrics},
 pages                = {1021-1033},
 title                = {A stochastic catch-effort method for estimating animal abundance},
 volume               = {39},
 year                 = {1983},
 }

@article{Dupuis1995,
 author               = {Dupuis, J. A.},
 journal              = {Biometrika},
 number               = {4},
 pages                = {761-772},
 title                = {Bayesian estimation of movement and survival probabilities from capture-recapture data},
 volume               = {82},
 year                 = {1995},
 }

@article{DurbanElston2005,
  title={Mark-recapture with occasion and individual effects: abundance estimation through {B}ayesian model selection in a fixed dimensional parameter space},
  author={Durban, John W and Elston, David A},
  journal={Journal of Agricultural, Biological, and Environmental Statistics},
  volume={10},
  number={3},
  pages={291-305},
  year={2005},
  publisher={Springer}
}

@Manual{Efford2015,
    title = {secr: Spatially explicit capture-recapture models},
    author = {Murray Efford},
    year = {2015},
    note = {R package version 2.9.4},
    url = {http://CRAN.R-project.org/package=secr},
  }

@article{FaustinoEtAl2004,
 author               = {Faustino, C. R. and Jennelle, C. S. and Connolly, V. and Davis, A. K. and Swarthout, E. C. and Dhondt, A. A. and Cooch, E. G.},
 journal              = {Journal of Animal Ecology},
 pages                = {651-669},
 title                = {infection dynamics in a house finch population: seasonal variation in survival, encounter, and transmission rate},
 volume               = {73},
 year                 = {2004},
 }

@article{Fienberg&ManriqueVallier2009,
 author               = {Fienberg, S. E. and Manrique-Vallier, D.},
 journal              = {AStA Advances in Statistical Analysis},
 pages                = {49-60},
 title                = {Integrated methodology for multiple systems estimation and record linkage using a missing data formulation},
 volume               = {93},
 year                 = {2009},
 }

@article{FienbergEtAl1999,
 author               = {Fienberg, S. E. and Johnson, M. S. and Junker, B. W.},
 journal              = {Journal of the Royal Statistical Society, Series A},
 pages                = {383-406},
 title                = {Classical multilevel and {B}ayesian approaches to population size estimation using multiple lists},
 volume               = {162},
 year                 = {1999},
 }

@article{Fog2008,
 author               = {Fog, A.},
 journal              = {Communications in Statistics - Simulation and Computation},
 pages                = {241-257},
 title                = {Sampling methods for {W}allenius' and {F}isher's noncentral hypergeometric distributions},
 volume               = {37},
 year                 = {2008},
 }

@article{Foster&Harmsen2012,
 author               = {Foster, R. J. and Harmsen, B. J.},
 journal              = {Journal of Wildlife Management},
 pages                = {224-236},
 title                = {A critique of density estimation from camera-trap data},
 volume               = {76},
 year                 = {2012},
 }

@article{FournierArchibald1982,
 author               = {Fournier, D. and Archibald, C. P.},
 journal              = {Canadian Journal of Fisheries and Aquatic Sciences},
 pages                = {1195-1207},
 title                = {A general theory for analyzing catch at age data},
 volume               = {39},
 year                 = {1982},
 }

@book{Fox2002,
 address              = {Thousand Oaks, California},
 author               = {Fox, J.},
 publisher            = {Sage Publications, Inc.},
 title                = {An R and S-Plus Companion to Applied Regression},
 year                 = {2002},
 }

@article{FreemanMorgan1990,
 author               = {Freeman, S. N. and Morgan, B. J. T.},
 journal              = {The Ring},
 number               = {1-2},
 pages                = {271-288},
 title                = {Studies in the analysis of ring-recovery data},
 volume               = {13},
 year                 = {1990},
 }

@article{FreemanMorgan1992,
 author               = {Freeman, S. N. and Morgan, B. J. T.},
 journal              = {Biometrics},
 pages                = {217-236},
 title                = {A modelling strategy for recovery data from birds ringed as nestlings},
 volume               = {48},
 year                 = {1992},
 }

@article{FreemanTukey1950,
 author               = {Freeman, M F and Tukey, J W},
 journal              = {Ann.\ Math.\ Stat.},
 pages                = {607--611},
 title                = {Transformations related to the angular and square root},
 volume               = {21},
 year                 = {1950},
 }

@article{FujiwaraCaswell2002,
 author               = {Fujiwara, M. and Caswell, H.},
 journal              = {Ecology},
 pages                = {3257-3265},
 title                = {Estimating population projection matrices from multi-stage mark-recapture data},
 volume               = {83},
 year                 = {2002},
 }

@article{GambleEtAl2008,
 author               = {Gamble, L. and Ravela, S. and McGarigal, K.},
 journal              = {Journal of Applied Ecology},
 owner                = {paul.conn},
 pages                = {170-180},
 timestamp            = {2009.12.21},
 title                = {Multi-scale features for identifying individuals in large biological databases: an application of pattern recognition technology to the marbled salamander Ambystoma opacum},
 volume               = {45},
 year                 = {2008},
 }

@book{Gamerman1997,
 address              = {London},
 author               = {Gamerman, D.},
 publisher            = {Chapman and Hall},
 title                = {Markov Chain Monte Carlo: Stochastic Simulation for {Bayesian} Inference},
 year                 = {1997},
 }

@article{GarrettZeger2000,
 author               = {Garrett, E. S. and Zeger, S. L.},
 journal              = {Biometrics},
 pages                = {1055-1067},
 title                = {Latent class model diagnosis},
 volume               = {56},
 year                 = {2000},
 }

@article{Gauthier-ClerkEtAl2004,
 author               = {Gauthier-Clerc, M. and Gendner, J. P. and Ribic, C. A. and Fraser, W. R. and Woehler, E. J. and Descamps, S. and Gilly, C. and Le Bohec, C. and Le Maho, Y.},
 issue                = {Suppl 6},
 journal              = {Proceedings of the Royal Society B},
 pages                = {S423-S426},
 title                = {Long-term effects of flipper bands on penguins},
 volume               = {271 (Suppl 6)},
 year                 = {2004},
 }

@article{GelfandEtAl1995,
 author               = {Gelfand, A. E. and Sahu, S. K. and Carlin, B. P.},
 journal              = {Biometrika},
 pages                = {479-488},
 title                = {Efficient parameterization for normal linear mixed models},
 volume               = {82},
 year                 = {1995},
 }

@techreport{Gelman1992,
 author               = {Gelman, A. and Meng, X-L and Stern, H. S.},
 institution          = {University of California},
 title                = {Bayesian tests for goodness of fit using tail area probabilities},
 year                 = {1992},
 }

@article{Gelman2006,
 author               = {Gelman, A.},
 journal              = {Bayesian Analysis},
 pages                = {515-533},
 title                = {Prior distributions for variance parameters in hierarchical models},
 volume               = {1},
 year                 = {2006},
 }

@techreport{GelmanEtAl1992,
 author               = {Gelman, A. and Meng, X-L and Stern, H. S.},
 institution          = {University of California},
 title                = {Bayesian tests for goodness of fit using tail area probabilities},
 year                 = {1992},
 }

@book{GelmanEtAl2004,
 address              = {Boca Raton},
 author               = {Gelman, A. and Carlin, J. B. and Stern, H. S. and Rubin, D. B.},
 publisher            = {Chapman and Hall},
 title                = {Bayesian Data Analysis, 2nd Edition},
 year                 = {2004},
 }

@article{GelmanRubin1992,
 author               = {Gelman, A. and Rubin, D. B.},
 journal              = {Statistical Science},
 pages                = {457--511},
 title                = {Inference from iterative simulation using multiple sequences (with discussion)},
 volume               = {7},
 year                 = {1992},
 }

@article{George&Robert1992,
 author               = {George, E. I. and Robert, C. P.},
 journal              = {Biometrika},
 pages                = {677-683},
 title                = {Capture-recapture estimation via {G}ibbs sampling},
 volume               = {79},
 year                 = {1992},
 }

@article{GibsonEtAl2004,
 author               = {Gibson, G. J. and Kleczkowski, A. and Gilligan, C. A.},
 journal              = {Proceedings of the National Academy of Sciences},
 pages                = {12120-12124},
 title                = {Bayesian analysis of botanical epidemics using stochastic compartmental models},
 volume               = {101},
 year                 = {2004},
 }

@article{GibsonRenshaw1998,
 author               = {Gibson, G. J. and Renshaw, E.},
 journal              = {IMA Journal of Mathematics Applied in Medicine and Biology},
 pages                = {19-40},
 title                = {Estimating parameters in stochastic compartmental models using Markov chain methods},
 volume               = {15},
 year                 = {1998},
 }

@article{Gilbert1973,
 author               = {Gilbert, R. O.},
 journal              = {Biometrics},
 pages                = {501-526},
 title                = {Approximations of bias in Jolly-Seber capture recapture model},
 volume               = {29},
 year                 = {1973},
 }
 
@Manual{GilbertVaradhan2016,
    title = {numDeriv: Accurate Numerical Derivatives},
    author = {Paul Gilbert and Ravi Varadhan},
    year = {2016},
    note = {R package version 2016.8-1},
    url = {https://CRAN.R-project.org/package=numDeriv},
}


@techreport{GillBeck1990,
 author               = {Gill, R. B. and Beck, T. D. I.},
 intitution           = {Colorado Division of Wildlife},
 number               = {Div. Rep. No. 15},
 title                = {Black bear management plan 1990-1995},
 year                 = {1990},
 }

@article{Gimenez&Choquet2010,
 author               = {Gimenez, O. and Choquet, R.},
 journal              = {Ecology},
 pages                = {951-957},
 title                = {Individual heterogeneity in studies on marked animals using numerical integration: capture-recapture mixed models},
 volume               = {91},
 year                 = {2010},
 }

@article{GimenezChoqet2010,
 author               = {Gimenez, O. and Choquet, R.},
 journal              = {Ecology},
 pages                = {951-957},
 title                = {Individual heterogeneity in studies on marked animals using numerical integration: capture-recapture mixed models},
 volume               = {91},
 year                 = {2010},
 }

@article{GiminezEtAl2004,
 author               = {Giminez, O. and Choquet, R. and Lebreton, J. -D.},
 journal              = {Biometric Journal},
 pages                = {704--722},
 title                = {Parameter redundancy in multistate capture-recapture models},
 volume               = {45},
 year                 = {2004},
 }

@techreport{GiminezEtAl2005,
 author               = {Giminez, O. and Brooks, S. P. and Morgan, B. J. T.},
 institution          = {University of Kent},
 number               = {UKC/IMS/05/27},
 title                = {Weak identifiability in mark-recapture and mark-recovery models},
 year                 = {2005},
 }

@book{GivensHoeting2005,
 address              = {Hoboken, N. J.},
 author               = {Givens, G. H. and Hoeting, J. A.},
 publisher            = {John Wiley \& Sons},
 title                = {Computational Statistics},
 year                 = {2005},
 }

@book{GivensHoeting2005,
 address              = {Hoboken, New Jersey},
 author               = {Givens, G. H. and Hoeting, J. A.},
 publisher            = {Wiley},
 title                = {Computational Statistics},
 year                 = {2005},
 }

@article{GopalaswamyEtAl2012,
  title={Program {SPACECAP}: software for estimating animal density using spatially explicit capture--recapture models},
  author={Gopalaswamy, Arjun M and Royle, J Andrew and Hines, James E and Singh, Pallavi and Jathanna, Devcharan and Kumar, N and Karanth, K Ullas},
  journal={Methods in Ecology and Evolution},
  volume={3},
  number={6},
  pages={1067-1072},
  year={2012},
  publisher={Wiley Online Library}
}

@article{GoodwinEtAl2006,
 author               = {Goodwin, N. B. and Grant, A. and Perry, A. L. and Dulvy, N. K. and Reynolds, J. D.},
 journal              = {Canadian Journal of Fisheries and Aquatic Sciences},
 pages                = {494-509},
 title                = {Life history correlates of density-dependent recruitment in marine fishes},
 volume               = {63},
 year                 = {2006},
 }

@book{Gotelli2001,
 address              = {Sunderland, MA},
 author               = {Gotelli, N. J.},
 publisher            = {Sinauer Associates, Inc.},
 title                = {A Primer of Ecology, Third Edition},
 year                 = {2001},
 }

@phdthesis{Gove1997,
 address              = {Seattle, WA, USA},
 author               = {Gove, N. E.},
 school               = {University of Washington},
 title                = {Using age-harvest data to estimate demographic parameters for wildlife populations},
 year                 = {1997},
 }

@article{GoveEtAl2002,
 author               = {Gove, N. E. and Skalski, J. R. and Zager, P. and Townsend, R. L.},
 journal              = {Journal of Wildlife Management},
 pages                = {310--320},
 title                = {Statistical models for population reconstruction using age-at-harvest data},
 volume               = {66},
 year                 = {2002},
 }

@article{Green1995,
 author               = {Green, P J},
 journal              = {Biometrika},
 pages                = {711--732},
 title                = {Reversible jump {M}arkov chain {M}onte {C}arlo computation and {B}ayesian model determination},
 volume               = {82},
 year                 = {1995},
 }

@article{Green2004,
 author               = {Green, R. E.},
 journal              = {Ibis},
 pages                = {501-508},
 title                = {A new method for estimating the adult survival rate of the Corncrake {\it Crex crex} and comparison with estimates from ring-recovery and ring-recapture data},
 volume               = {146},
 year                 = {2004},
 }

@article{GreenEtAl2001,
 author               = {Green, R. E. and Shaffer, N. and Wend, D.},
 journal              = {Ringing and Migration},
 pages                = {352-357},
 title                = {A method for ageing adult Corncrakes {\it Crex crex}},
 volume               = {20},
 year                 = {2001},
 }

@article{GreenwoodSargeant1973,
 author               = {Greenwood, R. J. and Sargeant, A. B.},
 journal              = {Journal of Wildlife Management},
 pages                = {3--9},
 title                = {Influence of radio packs on captive mallards and blue-winged teal},
 volume               = {37},
 year                 = {1973},
 }
 
@Article{GurarieEtAl2017,
author="Gurarie, Eliezer
and Fleming, Christen H.
and Fagan, William F.
and Laidre, Kristin L.
and Hern{\'a}ndez-Pliego, Jes{\'u}s
and Ovaskainen, Otso",
title="Correlated velocity models as a fundamental unit of animal movement: synthesis and applications",
journal="Movement Ecology",
year="2017",
volume="5",
number="1",
pages="13",
abstract="Continuous time movement models resolve many of the problems with scaling, sampling, and interpretation that affect discrete movement models. They can, however, be challenging to estimate, have been presented in inconsistent ways, and are not widely used.",
issn="2051-3933",
doi="10.1186/s40462-017-0103-3",
url="http://dx.doi.org/10.1186/s40462-017-0103-3"
}


@article{Gustafson2005,
 author               = {Gustafson, P.},
 journal              = {Statistical Science},
 pages                = {111-119},
 title                = {On model expansion, model contraction, identifiability and prior information: Two illustrative scenarios involving mismeasured variables},
 volume               = {20},
 year                 = {2005},
 }

@book{Haddon2001,
 address              = {Boca Raton, Florida},
 author               = {Haddon, M.},
 publisher            = {Chapman \& Hall},
 title                = {Modelling and Quantitative Methods in Fisheries},
 year                 = {2001},
 }

@article{HallEtAl2001,
 author               = {Hall, A. J. and McConnell, B. J. and Barker, R. J.},
 journal              = {Journal of Animal Ecology},
 pages                = {138-149},
 title                = {Factors affecting first-year survival in grey seals and their implications for life history strategy},
 volume               = {70},
 year                 = {2001},
 }

@article{HaltuchEtAl2008,
 author               = {Haltuch, M. A. and Punt, A. E. and Dorn, M. W.},
 journal              = {Fisheries Research},
 pages                = {290-303},
 title                = {Evaluating alternative estimators of fishery management reference points},
 volume               = {94},
 year                 = {2008},
 }

@article{Hammond1990,
  title={Capturing whales on film--estimating cetacean population parameters from individual recognition data},
  author={Hammond, PS},
  journal={Mammal Review},
  volume={20},
  number={1},
  pages={17--22},
  year={1990},
  publisher={Wiley Online Library}
}

@article{HarshyneEtAl1998,
 author               = {Harshyne, W. A. and Diefenbach, D. R. and Alt, G. L. and Matson, G. M.},
 journal              = {Journal of Wildlife Management},
 pages                = {1281--1291},
 title                = {Analysis of error from cementum-annuli age estimates of known-age Pennsylvania black bears},
 volume               = {62},
 year                 = {1998},
 }

@book{HastieTibshirani1999,
 address              = {Boca Raton, Florida},
 author               = {Hastie, T. J. and Tibshirani, R. J.},
 publisher            = {Chapman \& Hall/CRC},
 title                = {Generalized Additive Models},
 year                 = {1999},
 }

@article{Hastings1970,
 author               = {Hastings, W. K.},
 journal              = {Biometrika},
 pages                = {97-109},
 title                = {Monte Carlo sampling methods using Markov chains and their applications},
 volume               = {57},
 year                 = {1970},
 }

@article{HastingsEtAl2008,
 author               = {Hastings, K. K. and Hiby, L. A. and Small, R. J.},
 journal              = {Journal of Mammalogy},
 pages                = {1201-1211},
 title                = {Evaluation of a computer-assisted photograph-matching system to monitor naturally marked harbor seals at {T}ugidak {I}sland, {A}laska},
 volume               = {89},
 year                 = {2008},
 }

@article{HeiseyEtAl2006,
 author               = {Heisey, D. M. and Joly, D. O. and Messier, F.},
 journal              = {Ecology},
 pages                = {2356-2365},
 title                = {The fitting of general force-of-infection models to wildlife disease prevalence data},
 volume               = {87},
 year                 = {2006},
 }

@article{HestbeckEtAl1991,
 author               = {Hestbeck, J. B. and Nichols, J. D. and Malecki, R. A.},
 journal              = {Ecology},
 pages                = {523-533},
 title                = {Estimates of movement and site fidelity using mark-resight data of wintering Canada Geese},
 volume               = {72},
 year                 = {1991},
 }

@article{HewisonEtAl1999,
 author               = {Hewison, A. J. M. and Vincent, J. P. and Angibault, J. M. and Delorme, D. and Van Laere, G. and Gaillard, J. M.},
 journal              = {Canadian Journal of Zoology},
 pages                = {58-67},
 title                = {Tests of estimation of age from tooth wear on roe deer of known age: variation within and among populations},
 volume               = {77},
 year                 = {1999},
 }

@article{HibyEtAl2012,
 author               = {Hiby, L. and Paterson, W. D. and Redman, P. and Watkins, J. and Twiss, S. D. and Pomeroy, P.},
 doi                  = {10.1111/2041-210x.12008},
 journal              = {Methods in Ecology and Evolution},
 title                = {Analysis of photo-id data allowing for missed matches and individuals identified from opposite sides},
 year                 = {2012},
 }
 
@Manual{Hijmans2016,
    title = {raster: Geographic Data Analysis and Modeling},
    author = {Robert J. Hijmans},
    year = {2016},
    note = {R package version 2.5-8},
    url = {https://CRAN.R-project.org/package=raster},
}

@article{Hilborn02,
 author               = {Hilborn, R.},
 journal              = {Bulletin of Marine Science},
 pages                = {403-408},
 title                = {The dark side of reference points},
 volume               = {70},
 year                 = {2002},
 }

@article{Hilborn1979,
 author               = {Hilborn, R.},
 journal              = {Journal of the Fisheries Research Board of Canada},
 pages                = {1477-1489},
 title                = {Comparison of fisheries control systems that utilize catch and effort data},
 volume               = {36},
 year                 = {1979},
 }

@book{HilbornWalters1992,
 address              = {New York},
 author               = {Hilborn, R. and Walters, C. J.},
 publisher            = {Chapman \& Hall},
 title                = {Quantitative Fisheries Stock Assessment: Choice, Dynamics \& Uncertainty},
 year                 = {1992},
 }

@article{HolmbergEtAl2008,
 author               = {Holmberg, J. and Norman, B. and Arzoumanian, Z.},
 journal              = {Ecological Applications},
 owner                = {paul.conn},
 pages                = {222-233},
 timestamp            = {2009.12.21},
 title                = {Robust, comparable population metrics through collaborative photo-monitoring of whale sharks {\it {R}hincodon typus}},
 volume               = {18},
 year                 = {2008},
 }
 
@book{HootenEtAl2017,
  title={Animal Movement: Statistical Models for Telemetry Data},
  author={Hooten, M. B. and Johnson, D. S. and McClintock, B. T. and Morales, J. M.},
  year={2017},
  publisher = {CRC Press}
}

@article{Huggins1989,
 author               = {Huggins, R. M},
 journal              = {Biometrika},
 pages                = {133--140},
 title                = {On the statistical analysis of capture-recapture experiments},
 volume               = {76},
 year                 = {1989},
 }

@article{Huggins1990,
 author               = {Huggins, R. M.},
 journal              = {Biometrics},
 pages                = {725--732},
 title                = {Some practical aspects of a conditional likelihood approach to capture experiments},
 volume               = {47},
 year                 = {1990},
 }

@article{Ianelli2002,
 author               = {Ianelli, J. N.},
 journal              = {North American Journal of Fisheries Management},
 pages                = {301-310},
 title                = {Simulation analyses testing the robustness of productivity determinations from West Coast Pacific Ocean perch stock assessment data},
 volume               = {22},
 year                 = {2002},
 }

@book{Jeffreys1961,
 address              = {Oxford, England},
 author               = {Jeffreys, H.},
 publisher            = {Oxford University Press},
 title                = {Theory of Probability, 3rd Edition},
 year                 = {1961},
 }

@article{JennelleEtAl2007,
 author               = {Jennelle, C. S. and Cooch, E. G. and Conroy, M. J. and Senar, J. C.},
 journal              = {Ecological Applications},
 pages                = {154-167},
 title                = {State-specific detection probabilities and disease prevalence},
 volume               = {17},
 year                 = {2007},
 }

@book{JohnsonEtAl1993,
 address              = {Reading, Massachusetts},
 author               = {Johnson, L.W. and Riess, R.D. and Arnold, J.T.},
 edition              = {Third},
 journal              = {Unknown Journal},
 publisher            = {Addison Wesley},
 title                = {Introduction to Linear Algebra},
 year                 = {1993},
 }
 
@article{JohnsonEtAl2008,
  title={Continuous-time correlated random walk model for animal telemetry data},
  author={Johnson, Devin S and London, Joshua M and Lea, Mary-Anne and Durban, John W},
  journal={Ecology},
  volume={89},
  number={5},
  pages={1208--1215},
  year={2008},
  publisher={Ecological Society of America}
}

@article{JohnsonEtAl2013,
 author               = {Johnson, D. S. and Conn, P. B. and Hooten, M. B. and Ray, J. C. and Pone, B. A.},
 journal              = {Ecology},
 pages                = {801-808},
 title                = {Spatial occupancy models for large data sets},
 volume               = {94},
 year                 = {2013},
 }
 
@Manual{Johnson2017,
    title = {crawl: Fit Continuous-Time Correlated Random Walk Models to Animal Movement Data},
    author = {Devin S. Johnson},
    year = {2017},
    note = {R package version 2.1.2},
}

@article{JonesRocke1999,
 author               = {Jones, G. and Rocke, D. M.},
 journal              = {Technometrics},
 pages                = {224-233},
 title                = {Bootstrapping in controlled calibration},
 volume               = {41},
 year                 = {1999},
 }
 
@article{JonsenEtAl2005,
  title={Robust state--space modeling of animal movement data},
  author={Jonsen, Ian D and Flemming, Joanna Mills and Myers, Ransom A},
  journal={Ecology},
  volume={86},
  number={11},
  pages={2874--2880},
  year={2005},
  publisher={Wiley Online Library}
}

@article{KaneLitvaitis1992,
 author               = {Kane, D. M. and Litvaitis, J. A.},
 journal              = {Journal of Mammalogy},
 pages                = {215--217},
 title                = {Age and sex composition of live-captured and hunter-killed samples of black bears},
 volume               = {73},
 year                 = {1992},
 }

@article{KaneLitvaitis1992,
 author               = {Kane, D. M. and Litvaitis, J. A.},
 journal              = {Journal of Mammalogy},
 pages                = {215--217},
 title                = {Age and sex composition of live-captured and hunter-killed samples of black bears},
 volume               = {73},
 year                 = {1992},
 }

@article{KaneLitvaitis1992,
 author               = {Kane, D. M. and Litvaitis, J. A.},
 journal              = {Journal of Mammalogy},
 pages                = {215--217},
 title                = {Age and sex composition of live-captured and hunter-killed samples of black bears},
 volume               = {73},
 year                 = {1992},
 }

@article{KaneLitvaitis1992,
 author               = {Kane, D. M. and Litvaitis, J. A.},
 journal              = {Journal of Mammalogy},
 pages                = {215--217},
 title                = {Age and sex composition of live-captured and hunter-killed samples of black bears},
 volume               = {73},
 year                 = {1992},
 }

@article{KaranthEtAl2006,
 author               = {Karanth, K. U. and Nichols, J. D. and Kumar, N. S. and Hines, J. E.},
 journal              = {Ecology},
 owner                = {paul.conn},
 pages                = {2925-2937},
 timestamp            = {2009.12.21},
 title                = {Assessing tiger population dynamics using photographic capture-recapture sampling},
 volume               = {87},
 year                 = {2006},
 }

@article{KaranthNichols1998,
 author               = {Karanth, K. U. and Nichols, J. D.},
 journal              = {Ecology},
 owner                = {paul.conn},
 pages                = {2852-2862},
 timestamp            = {2009.12.21},
 title                = {Estimation of tiger densities in {I}ndia using photographic captures and recaptures},
 volume               = {79},
 year                 = {1998},
 }

@article{KauffmanEtAl2003,
 author               = {Kauffman, M. J. and Frick, W. F. and Linthicum, J.},
 journal              = {Ecological Applications},
 pages                = {1802-1816},
 title                = {Estimation of habitat-specific demography and population growth for peregrine falcans in {C}alifornia},
 volume               = {13},
 year                 = {2003},
 }

@article{Keay1995,
 author               = {Keay, J. A.},
 journal              = {California Fish and Game},
 pages                = {113-121},
 title                = {Accuracy of cementum age assignments for black bears},
 volume               = {81},
 year                 = {1995},
 }

@article{KeelingGilligan2000,
 author               = {Keeling, M. J. and Gilligan, C. A.},
 journal              = {Proceedings of the Royal Society of London B},
 pages                = {2219-2230},
 title                = {Bubonic plague: a metapopulation model of a zoonosis},
 volume               = {267},
 year                 = {2000},
 }

@article{KendallEtAl1997,
  title={Estimating temporary emigration using capture-recapture data with Pollock's robust design},
  author={Kendall, William L and Nichols, James D and Hines, James E},
  journal={Ecology},
  volume={78},
  number={2},
  pages={563-578},
  year={1997},
  publisher={Eco Soc America}
}

@article{KendallEtAl2003,
 author               = {Kendall, W. L. and Hines, J. E. and Nichols, J. D.},
 journal              = {Ecology},
 pages                = {1058-1066},
 title                = {Adjusting multistate capture-recapture models for misclassification bias: Manatee breeding proportions},
 volume               = {84},
 year                 = {2003},
 }

@article{KendallNichols2002,
 author               = {Kendall, W. L. and Nichols, J. D.},
 journal              = {Ecology},
 pages                = {3276-3284},
 title                = {Estimating state-transition probabilities for unobservable states using capture-recapture/resighting data},
 volume               = {83},
 year                 = {2002},
 }

@book{KernighanRitchie1988,
 address              = {Englewood Cliffs, New Jersey, USA},
 author               = {Kernighan, B. W. and Ritchie, D. M.},
 edition              = {Second},
 publisher            = {Prentice Hall},
 title                = {The C Programming Language},
 year                 = {1988},
 }

@article{KingBrooks2008,
 author               = {King, R. and Brooks, S. P.},
 journal              = {Biometrics},
 pages                = {816-824},
 title                = {On the {B}ayesian estimation of a closed population size in the presence of heterogeneity and model uncertainty},
 volume               = {64},
 year                 = {2008},
 }

@article{KingEtAl2008,
 author               = {King, R. and Brooks, S. P. and Coulson, T.},
 journal              = {Biometrics},
 pages                = {1187-1195},
 title                = {Analyzing Complex Capture-Recapture Data in the Presence of Individual and Temporal Covariates and Model Uncertainty},
 volume               = {64},
 year                 = {2008},
 }

@article{KingEtAl2015,
 author               = {King, R. and McClintock, B. T. and Kidney, D. and Borchers, D. L.},
 journal              = {The Annals of Applied Statistics},
 pages                = {},
 title                = {Capture-recapture abundance estimation using a semi-complete data likelihood approach},
 volume               = {},
 year                 = {2015},
 }

@article{KordekLindzey1980,
 author               = {Kordek, W. S. and J. S. Lindzey},
 journal              = {International Conference on Bear Research and Management},
 pages                = {159-161},
 title                = {Preliminary analysis of female reproductive tracts from Pennsyvania black bears},
 volume               = {4},
 year                 = {1980},
 }

@phdthesis{Laake1992,
 address              = {Fort Collins, CO, USA},
 author               = {Laake, J. L.},
 school               = {Colorado State University},
 title                = {Catch-effort models and their application to elk in Colorado},
 year                 = {1992},
 }

@Manual{Laake2013,
    title = {{RM}ark: An {R} Interface for Analysis of Capture-Recapture Data with {MARK}},
    organization = {AFSC Processed Rep 2013-01, 25p. Alaska Fish. Sci. Cent., NOAA, Natl. Mar. Fish. Serv., 7600 Sand Point Way NE, Seattle WA 98115},
    author = {Laake, J. L.},
    year = {2013},
}

@article{LaakeEtAl2013,
  title={marked: an {R} package for maximum likelihood and Markov Chain Monte Carlo analysis of capture--recapture data},
  author={Laake, Jeff L. and Johnson, Devin S. and Conn, Paul B.},
  journal={Methods in Ecology and Evolution},
  volume={4},
  number={9},
  pages={885-890},
  year={2013},
  publisher={Wiley Online Library}
}

@article{LangrockEtAl2012,
  title={Flexible and practical modeling of animal telemetry data: hidden Markov models and extensions},
  author={Langrock, Roland and King, Ruth and Matthiopoulos, Jason and Thomas, Len and Fortin, Daniel and Morales, Juan M},
  journal={Ecology},
  volume={93},
  number={11},
  pages={2336--2342},
  year={2012},
  publisher={Wiley Online Library}
}

@article{LangrockEtAl2014,
  title={Modelling group dynamic animal movement},
  author={Langrock, Roland and Hopcraft, Grant and Blackwell, Paul and Goodall, Victoria and King, Ruth and Niu, Mu and Patterson, Toby and Pedersen, Martin and Skarin, Anna and Schick, Robert},
  journal={Methods in Ecology and Evolution},
  volume={5},
  number={2},
  pages={190--199},
  year={2014}
}

@article{LangtimmEtAl1998,
 author               = {Langtimm, C. A. and O'Shea, T. J. and Pradel, R. and Beck, C. A.},
 journal              = {Ecology},
 owner                = {paul.conn},
 pages                = {981-997},
 timestamp            = {2009.12.21},
 title                = {Estimates of annual survival probabilities for adult {F}lorida manatees \textit{{T}richechus manatus latirostris}},
 volume               = {79},
 year                 = {1998},
 }

@article{LatourEtAl2003,
 author               = {Latour, R. J. and Hoenig, J. M. and Hepworth, D. A. and Frusher, S. D.},
 journal              = {ICES Journal of Marine Science},
 pages                = {1075--1085},
 title                = {A novel tag-recovery model with two size classes for estimating fishing and natural mortality, with implications for the southern rock lobster (Jasus edwardsii) in Tasmania, Australia},
 volume               = {60},
 year                 = {2003},
 }

@article{LebretonEtAl1992,
 author               = {Lebreton, J. -D. and Burnham, K. P. and Clobert, J. and Anderson, D. R.},
 journal              = {Ecological Monographs},
 pages                = {67-118},
 title                = {Modeling survival and testing biological hypotheses using marked animals: a unified approach with case studies},
 volume               = {62},
 year                 = {1992},
 }

@article{LeeChao1994,
 author               = {Lee, S. M. and Chao, A.},
 journal              = {Biometrics},
 pages                = {88--97},
 title                = {Estimating population-size via sample coverage for closed capture-recapture models},
 volume               = {50},
 year                 = {1994},
 }

@article{LewyNielson2003,
 author               = {Lewy, P. and Nielson, A.},
 journal              = {ICES Journal of Marine Science},
 pages                = {743-752},
 title                = {Modelling stochastic fish stock dynamics using Markov Chain Monte Carlo},
 volume               = {60},
 year                 = {2003},
 }

@article{LiermannHilborn1997,
 author               = {Liermann, M. and Hilborn, R.},
 journal              = {Canadian Journal of Fisheries and Aquatic Sciences},
 pages                = {1976-1984},
 title                = {Depensation in fish stocks: a hierarchical {B}ayesian meta-analysis},
 volume               = {54},
 year                 = {1997},
 }

@article{Lindberg2012,
 author               = {Lindberg, M. S.},
 issue                = {Suppl 2},
 journal              = {Journal of Ornithology},
 pages                = {S355-S370},
 title                = {A review of designs for capture-mark-recapture studies in discrete time},
 volume               = {152 (Suppl 2)},
 year                 = {2012},
 }

@article{Link2003,
 author               = {Link, W. A.},
 journal              = {Biometrics},
 pages                = {1123--1130},
 title                = {Nonidentifiability of population size from capture-recapture data with heterogeneous detection probabilities},
 volume               = {59},
 year                 = {2003},
 }

@article{Link2013,
 author               = {Link, W. A.},
 journal              = {Ecology},
 pages                = {2173-2179},
 title                = {A cautionary note on the discrete uniform prior for the binomial {N}},
 volume               = {94},
 year                 = {2013},
 }

@article{LinkBarker2005,
 author               = {Link, W. A. and Barker, R. J},
 journal              = {Biometrics},
 pages                = {46--54},
 title                = {Modeling association among demographic parameters in analysis of open populiation capture-recapture data},
 volume               = {61},
 year                 = {2005},
 }

@article{LinkBarker2006,
 author               = {Link, W. A. and Barker, R. J.},
 journal              = {Ecology},
 pages                = {2626-2635},
 title                = {Model weights and the foundations of multimodel inference},
 volume               = {87},
 year                 = {2006},
 }

@article{LinkBarker2008,
 author               = {Link, W. A. and Barker, R. J.},
 journal              = {Environmental and Ecological Statistics},
 owner                = {paul.conn},
 pages                = {79-87},
 timestamp            = {2010.01.28},
 title                = {Efficient implementation of the Metropolis-Hastings algorithm, with application to the Cormack-Jolly-Seber model},
 volume               = {15},
 year                 = {2008},
 }

@article{LinkEtAl2003,
 author               = {Link, W. A. and Royle, J. A. and Hatfield, J. S.},
 journal              = {Biometrics},
 pages                = {778--785},
 title                = {Demographic analysis from summaries of an age-structured population},
 volume               = {59},
 year                 = {2003},
 }

@article{LinkEtAl2010,
 author               = {Link, W. A. and Yoshizaki, J. and Bailey, L. L. and Pollock, K. H.},
 journal              = {Biometrics},
 owner                = {paul.conn},
 pages                = {178-185},
 timestamp            = {2009.12.21},
 title                = {Uncovering a latent multinomial: analysis of mark-recapture data with misidentification},
 volume               = {66},
 year                 = {2010},
 }

@article{LintonBence2008,
 author               = {Linton, B. C. and Bence, J. R.},
 journal              = {Fisheries Research},
 pages                = {26-35},
 title                = {Evaluating methods for estimating process and observation error in statistical catch-at-age analysis},
 volume               = {94},
 year                 = {2008},
 }

@article{LukacsBurnham2005a,
  title={Review of capture--recapture methods applicable to noninvasive genetic sampling},
  author={Lukacs, Paul M and Burnham, Kenneth P},
  journal={Molecular ecology},
  volume={14},
  number={13},
  pages={3909--3919},
  year={2005},
  publisher={Wiley Online Library}
}

@article{LukacsBurnham2005b,
 author               = {Lukacs, P. M. and Burnham, K. P.},
 journal              = {Journal of Wildlife Management},
 owner                = {paul.conn},
 pages                = {396-403},
 timestamp            = {2010.01.27},
 title                = {Estimating population size from {D}{N}{A}-based closed capture-recapture data incorporating genotyping error},
 volume               = {69},
 year                 = {2005},
 }

@article{Mace1994,
 author               = {Mace, P. M.},
 journal              = {Canadian Journal of Fisheries and Aquatic Sciences},
 pages                = {110-122},
 title                = {Relationships between common biological reference points used as thresholds and targets of fisheries management strategies},
 volume               = {51},
 year                 = {1994},
 }

@techreport{MaceDoonan1988,
 author               = {Mace, P. M. and Doonan, I. J.},
 institution          = {N.Z. Fisheries Assessment Resource Document},
 number               = {88/4},
 title                = {A generalized bioeconomic simulation model for fish population dynamics},
 year                 = {1988},
 }

@article{MackeyEtAl2008,
 author               = {Mackey, B. L. and Durban, J. W. and Middlemas, S. J. and Thompson, P. M.},
 journal              = {Journal of Zoology},
 owner                = {paul.conn},
 pages                = {18-27},
 timestamp            = {2009.12.21},
 title                = {A {B}ayesian estimate of harbour seal survival using sparse photo-identification data},
 volume               = {274},
 year                 = {2008},
 }

@article{MadiganYork1997,
 author               = {Madigan, D. and York, J. C.},
 journal              = {Biometrika},
 pages                = {19-31},
 title                = {Bayesian methods for estimation of the size of a closed population},
 volume               = {84},
 year                 = {1997},
 }

@article{MadonEtAl2011,
  title={A new method for estimating animal abundance with two sources of data in capture--recapture studies},
  author={Madon, B{\'e}n{\'e}dicte and Gimenez, Olivier and McArdle, Brian and Scott Baker, C and Garrigue, Claire},
  journal={Methods in Ecology and Evolution},
  volume={2},
  number={4},
  pages={390--400},
  year={2011},
  publisher={Wiley Online Library}
}

@article{MagnussonHilborn2007,
 author               = {Magnusson, A. and Hilborn, R.},
 journal              = {Fish and Fisheries},
 pages                = {337-358},
 title                = {What makes fisheries data informative},
 volume               = {8},
 year                 = {2007},
 }

@article{ManriqueVallier&Fienberg2008,
 author               = {Manrique-Vallier, D. and Fienberg, S. E.},
 journal              = {Biometrical Journal},
 pages                = {1051-1063},
 title                = {Population size estimation using individual level mixture models},
 volume               = {50},
 year                 = {2008},
 }

@incollection{Maunder2001,
 address              = {University of Alaska, Fairbanks},
 author               = {Maunder, M. N.},
 booktitle            = {Spatial Processes and the Management of Fish Populations},
 editor               = {Kruse, G. H. and Bez, N. and Booth, A. and Dorn, M. W. and Hills, S. and Lipcius, R. N. and Pelletier, D. and Roy, C. and Smith, S. J. and Witherell, D.},
 publisher            = {Alaska Sea Grant College Program Report No. AK-SG-01-02},
 title                = {Integrated Tagging and Catch-at-Age ANalysis (ITCAAN)},
 year                 = {2001},
 }

@article{McAllisterIanelli1997,
 author               = {McAllister, M. K. and Ianelli, J. N.},
 journal              = {Canadian Journal of Fisheries and Aquatic Sciences},
 pages                = {284-300},
 title                = {Bayesian stock assessment using catch-age data and the sampling-resampling importance algorithm},
 volume               = {54},
 year                 = {1997},
 }

@article{McCarthyParris2004,
 author               = {McCarthy, M. A. and Parris, K. M.},
 journal              = {Journal of Applied Ecology},
 owner                = {paul.conn},
 pages                = {780-786},
 timestamp            = {2009.12.21},
 title                = {Clarifying the effect of toe clipping on frogs with Bayesian statistics},
 volume               = {41},
 year                 = {2004},
 }
 
@article{McClintock2017,
  title={Incorporating telemetry error into hidden Markov models of animal movement using multiple imputation},
  author={McClintock, Brett T},
  journal={Journal of Agricultural, Biological, and Environmental Statistics},
  volume={in press},
  year={2017}
}
 
@article{McClintockEtAl2012,
  title={A general discrete-time modeling framework for animal movement using multistate random walks},
  author={McClintock, Brett T and King, Ruth and Thomas, Len and Matthiopoulos, Jason and McConnell, Bernie J and Morales, Juan M},
  journal={Ecological Monographs},
  volume={82},
  number={3},
  pages={335--349},
  year={2012},
  publisher={Wiley Online Library}
}

@article{McClintockEtAl2013a,
 author               = {McClintock, B. T. and Conn, P. B. and Alonso, R. S. and Crooks, K. R.},
 journal              = {Ecology},
 pages                = {1464-1471},
 title                = {Integrated modeling of bilateral photo-identification data in mark-recapture analyses},
 volume               = {94},
 year                 = {2013},
 }

@article{McClintockEtAl2013b,
 author               = {McClintock, B. T. and Hill, J. M. and Fritz, L. and Chumbley, K. and Luxa, K. and Diefenbach, D. R.},
 journal              = {Methods in Ecology and Evolution},
 title                = {Mark-resight abundance estimation under incomplete identification of marked individuals},
 year                 = {2013},
 }
 
@article{McClintockEtAl2013c,
  title={Combining individual animal movement and ancillary biotelemetry data to investigate population-level activity budgets},
  author={McClintock, Brett T and Russell, Deborah JF and Matthiopoulos, Jason and King, Ruth},
  journal={Ecology},
  volume={94},
  number={4},
  pages={838--849},
  year={2013},
  publisher={Wiley Online Library}
}

@article{McClintockEtAl2014a,
 author               = {McClintock, B. T. and Bailey, L. L. and Dreher, B. P. and Link, W. A.},
 journal              = {The Annals of Applied Statistics},
 pages                = {2461-2484},
 title                = {Probit models for capture-recapture data subject to imperfect detection, individual heterogeneity and misidentification},
 volume               = {8},
 year                 = {2014},
 }
 
@article{McClintockEtAl2014b,
  title={When to be discrete: the importance of time formulation in understanding animal movement},
  author={McClintock, Brett T and Johnson, Devin S and Hooten, Mevin B and Ver Hoef, Jay M and Morales, Juan M},
  journal={Movement Ecology},
  volume={2},
  number={1},
  pages={21},
  year={2014},
  publisher={BioMed Central}
}

@article{McClintockEtAl2017,
  author = {McClintock, Brett T. and London, Joshua M. and Cameron, Michael F. and Boveng, Peter L.},
  title = {Bridging the gaps in animal movement: hidden behaviors and ecological relationships revealed by integrated data streams},
  journal = {Ecosphere},
  volume = {8},
  number = {3},
  issn = {2150-8925},
  url = {http://dx.doi.org/10.1002/ecs2.1751},
  doi = {10.1002/ecs2.1751},
  pages = {e01751},
  keywords = {animal location data, bearded seal, hidden Markov, switching behavior, telemetry},
  year = {2017}
}

@article{McClintockWhite2009,
 author               = {McClintock, B. T. and White, G. C.},
 journal              = {Ecology},
 pages                = {313-320},
 title                = {A less field-intensive robust design for estimating demographic parameters with mark-resight data},
 volume               = {90},
 year                 = {2009},
 }

@book{McCullaghNelder1989,
 address              = {New York},
 author               = {McCullagh, P. and Nelder, J. A.},
 publisher            = {Chapman and Hall},
 title                = {Generalized Linear Models},
 year                 = {1989},
 }

@article{Megrey1989,
 author               = {Megrey, B. A.},
 journal              = {American Fisheries Science Symposium},
 pages                = {8--48},
 title                = {Review and comparison of age-structured stock assessment models from theoretical and applied points of view},
 volume               = {6},
 year                 = {1989},
 }

@article{Methot1989,
 author               = {Methot, R. D.},
 journal              = {American Fisheries Society Symposium},
 pages                = {66-82},
 title                = {Synthetic estimates of historical abundance and mortality for northern anchovy},
 volume               = {6},
 year                 = {1989},
 }

@article{Methot1990,
 author               = {Methot, R. D.},
 journal              = {International North Pacific Fishereies Commission Bulletin},
 pages                = {259-277},
 title                = {Synthesis model: An adaptable framework for analysis of diverse stock assessment data},
 volume               = {50},
 year                 = {1990},
 }

@article{MeyerMillar1999,
 author               = {Meyer, R. and Millar, R. B.},
 journal              = {Canadian Journal of Fisheries and Aquatic Sciences},
 pages                = {37-52},
 title                = {Bayesian stock assessment using a state-space implementation of the delay difference model},
 volume               = {56},
 year                 = {1999},
 }
 
@article{MichelotEtAl2016,
  title={move{HMM}: An {R} package for the statistical modelling of animal movement data using hidden Markov models},
  author={Michelot, Th{\'e}o and Langrock, Roland and Patterson, Toby A},
  journal={Methods in Ecology and Evolution},
  volume={7},
  number={11},
  pages={1308--1315},
  year={2016},
  publisher={Wiley Online Library}
}

@article{MichelotEtAl2017,
  title={Estimation and simulation of foraging trips in land-based marine predators},
  author={Michelot, Th{\'e}o and Langrock, Roland and Bestley, Sophie and Jonsen, Ian D and Photopoulou, Theoni and Patterson, Toby A},
  journal={Ecology},
  year={2017},
  pages = {1932--1944},
  volume = {98},
  number = {7}
}

@article{MichielsensMcAllister2004,
 author               = {Michielsens, C. G. J. and McAllister, M. K.},
 journal              = {Canadian Journal of Fisheries and Aquatic Sciences},
 pages                = {1032-1047},
 title                = {A {B}ayesian hierarchical analysis of stock-recruit data: quantifying structural and parameter uncertainties},
 volume               = {61},
 year                 = {2004},
 }
 
@article{MoralesEtAl2004,
  title={Extracting more out of relocation data: building movement models as mixtures of random walks},
  author={Morales, Juan Manuel and Haydon, Daniel T and Frair, Jacqui and Holsinger, Kent E and Fryxell, John M},
  journal={Ecology},
  volume={85},
  number={9},
  pages={2436--2445},
  year={2004},
  publisher={Wiley Online Library}
}

@article{MorrisonEtAl2011,
 author               = {Morrison, T. A. and Yoshizaki, J. and Nichols, J. D. and Bolger, D. T.},
 journal              = {Methods in Ecology and Evolution},
 pages                = {454-463},
 title                = {Estimating survival in photographic capture-recapture studies: overcoming misidentification error},
 volume               = {2},
 year                 = {2011},
 }

@article{Muggeo2003,
 author               = {Muggeo, V. M. R.},
 journal              = {Statistics in Medicine},
 pages                = {3055-3071},
 title                = {Estimating regression models with unknown break-points},
 volume               = {22},
 year                 = {2003},
 }

@article{MyersEtAl1999,
 author               = {Myers, R. A. and Bowen, K. G. and Barrowman, N. J.},
 journal              = {Canadian Journal of Fisheries and Aquatic Sciences},
 pages                = {2404-2419},
 title                = {Maximum reproductive rate of fish at low population sizes},
 volume               = {56},
 year                 = {1999},
 }

@article{NairEtAl2012,
 author               = {Nair, T. and Thorbjarnarson, J. B. and Aust, P. and Krishnaswamy, J.},
 journal              = {Journal of Applied Ecology},
 pages                = {1046-1054},
 title                = {Rigorous gharial population estimation in the Chambal: implications for conservation and management of a globally threatened crocodilian},
 volume               = {49},
 year                 = {2012},
 }

@article{NewmanEtAl2006,
 author               = {Newman, K. B. and Buckland, S. T. and Lindley, S. T. and Thomas, L. and Fern\`{a}ndez, C.},
 journal              = {Ecological Applications},
 pages                = {74-86},
 title                = {Hidden process models for animal population dynamics},
 volume               = {16},
 year                 = {2006},
 }

@article{NicholsEtAl2004,
 author               = {Nichols, J. D. and Kendall, W. L. and Hines, J. E. and Spendelow, J. A.},
 journal              = {Ecology},
 pages                = {3192-3201},
 title                = {Estimation of sex-specific survival from capture-recapture data when sex is not always known},
 volume               = {85},
 year                 = {2004},
 }

@article{NoyceEtAl2001,
 author               = {Noyce, K. V. and Garshelis, D. L. and Coy, P. L.},
 journal              = {Ursus},
 pages                = {211--226},
 title                = {Differential vulnerability of black bears to trap and camera sampling and resulting biases in mark-recapture estimates},
 volume               = {12},
 year                 = {2001},
 }

@book{OConnellEtAl2010,
  title={Camera traps in animal ecology: methods and analyses},
  author={O'Connell, Allan F and Nichols, James D and Karanth, K Ullas},
  year={2010},
  publisher={Springer Science \& Business Media}
}

@article{OneillRoberts1999,
 author               = {O'Neill, P. D. and Roberts, G. O.},
 journal              = {Journal of the Royal Statistical Society A},
 pages                = {121-129},
 title                = {Bayesian inference for partially observed stochastic epidemics},
 volume               = {162},
 year                 = {1999},
 }

@article{Osborne1991,
 author               = {Osborne, C.},
 journal              = {International statistical review},
 pages                = {309-336},
 title                = {Statistical calibration - a review},
 volume               = {59},
 year                 = {1991},
 }

@article{OtisEtAl1978,
 author               = {Otis, D. L. and Burnham, K. P. and White, G. C. and Anderson, D. R.},
 journal              = {Wildlife Monographs},
 pages                = {7--135},
 title                = {Statistical-inference from capture data on closed animal populations},
 volume               = {62},
 year                 = {1978},
 }

@manual{OtterResearch04,
 address              = {Box 2040, Sidney, British Columbia},
 author               = {Otter Research Ltd},
 title                = {An Introduction to AD Model Builder version 7.1.1},
 year                 = {2004},
 }

@article{PanteSimonBouhet2013,
    title = {marmap: A Package for Importing, Plotting and Analyzing Bathymetric and Topographic Data in R},
    author = {Eric Pante and Benoit Simon-Bouhet},
    year = {2013},
    journal = {PLoS ONE},
    volume = {8},
    number = {9},
    pages = {e73051}
}

@article{PeachEtAl1994,
 author               = {Peach, W. J. and Thompson, P. S. and Coulson, J. C.},
 journal              = {Journal of Animal Ecology},
 pages                = {60--70},
 title                = {Annual and long-term variation in the survival of British lapwings Venellus-vanellus},
 volume               = {63},
 year                 = {1994},
 }

@article{PellaRobertson1979,
 author               = {Pella, J. J. and T. L. Robertson},
 journal              = {U.S. Fisheries Bulletin},
 pages                = {387-398},
 title                = {Assessment of composition of stock mixtures},
 volume               = {77},
 year                 = {1979},
 }

@article{PineEtAl2003,
 author               = {Pine, W. E. and Pollock, K. H. and Hightower, J. E. and Kwak, T. J. and Rice, J. A.},
 journal              = {Fisheries},
 pages                = {10--23},
 title                = {A review of tagging methods for estimating fish population size and components of mortality},
 volume               = {28},
 year                 = {2003},
 }

@article{Pledger2000,
 author               = {Pledger, S.},
 journal              = {Biometrics},
 pages                = {434--442},
 title                = {Unified maximum likelihood estimates for closed capture-recapture models using mixtures},
 volume               = {56},
 year                 = {2000},
 }

@article{PlummerEtAl2006,
 author               = {Plummer, M. and Best, N. and Cowles, K. and Vines, K.},
 journal              = {R News},
 pages                = {7-11},
 title                = {{CODA}: convergence diagnosis and output analysis for {MCMC}},
 volume               = {6},
 year                 = {2006},
 }

@article{Pollock2002,
 author               = {Pollock, K. H.},
 journal              = {Journal of Applied Statistics},
 pages                = {85--102},
 title                = {The use of auxiliary variables in capture-recapture modeling: an overview},
 volume               = {29},
 year                 = {2002},
 }

@article{PolsonEtAl2013,
 author               = {Polson, N. G. and Scott, J. G. and Windle, J.},
 journal              = {Journal of the American Statistical Association},
 pages                = {1339-1349},
 title                = {{B}ayesian inference for logistic models using {P}olya-{G}amma latent variables},
 volume               = {108},
 year                 = {2013},
 }

@article{Poole2002,
 author               = {Poole, D.},
 journal              = {Journal of Agricultural, Biological, and Environmental Statistics},
 owner                = {paul.conn},
 pages                = {264-276},
 timestamp            = {2010.01.28},
 title                = {Bayesian estimation of survival from mark-recapture data},
 volume               = {7},
 year                 = {2002},
 }

@article{Pradel1996,
 author               = {Pradel, R.},
 journal              = {Biometrics},
 pages                = {703-709},
 title                = {Utilization of capture-mark-recapture for the study of recruitment and population growth rate},
 volume               = {52},
 year                 = {1996},
 }

@article{Pradel2005,
 author               = {Pradel, R.},
 journal              = {Biometrics},
 pages                = {442-447},
 title                = {Multievent: An extension of multistate capture-recapture models to uncertain states},
 volume               = {61},
 year                 = {2005},
 }

@article{Prager1994,
 author               = {Prager, M. H.},
 journal              = {Fisheries Bulletin},
 pages                = {374-389},
 title                = {A suite of extensions to a nonequilibrium surplus-production model},
 volume               = {92},
 year                 = {1994},
 }

@article{Prager2002,
 author               = {Prager, M. H.},
 journal              = {Fisheries Research},
 pages                = {41-57},
 title                = {Comparison of logistic and generalized surplus-production models applied to swordfish, {\it Xiphias gladius}, in the north Atlantic Ocean},
 volume               = {58},
 year                 = {2002},
 }

@manual{Prager2005,
 address              = {Beaufort, NC},
 author               = {Prager, M. H.},
 organization         = {National Marine Fishery Service, Beaufort Laboratory Document BL-2004-01},
 title                = {User's Manual for ASPIC: A Stock-Production Model Incorporating Covariates (ver. 5) And Auxiliary Programs},
 year                 = {2005},
 }

@article{PragerEtAl2003,
 author               = {Prager, M. H. and Porch, C. E. and Shertzer, K. W. and Caddy, J. F.},
 journal              = {North American Journal of Fisheries Management},
 pages                = {349-361},
 title                = {Targets and limits for management of fisheries: A simple probability-based approach},
 volume               = {23},
 year                 = {2003},
 }

@article{Punt2003,
 author               = {Punt, A. E.},
 journal              = {Fisheries Research},
 pages                = {391-409},
 title                = {The performance of a size-structured stock assessment method in the fact of spatial heterogeneity in growth},
 volume               = {65},
 year                 = {2003},
 }

@book{QuinnDeriso1999,
 address              = {New York},
 author               = {Quinn, T. J. II and Deriso, R. B.},
 publisher            = {Oxford University Press},
 title                = {Quantitative Fish Dynamics},
 year                 = {1999},
 }

@article{RacinePoon1988,
 author               = {Racine-Poon, A.},
 journal              = {Journal of the American Statistical Association},
 pages                = {650-656},
 title                = {A {B}ayesian approach to nonlinear calibration problems},
 volume               = {83},
 year                 = {1988},
 }
 
@Manual{RCoreTeam2016,
    title = {R: A Language and Environment for Statistical Computing},
    author = {{R Core Team}},
    organization = {R Foundation for Statistical Computing},
    address = {Vienna, Austria},
    year = {2016},
    url = {https://www.R-project.org/},
}

@article{Reeves2003,
 author               = {Reeves, S. A.},
 journal              = {ICES Journal of Marine Science},
 pages                = {314-328},
 title                = {A simulation study of the implications of age-reading errors for stock assessment and management advice},
 volume               = {60},
 year                 = {2003},
 }

@book{Renshaw1991,
 address              = {Cambridge, UK},
 author               = {Renshaw, E.},
 publisher            = {Cambridge University Press},
 title                = {Modelling biological populations in space and time},
 year                 = {1991},
 }

@article{RichardsEtAl1992,
 author               = {Richards, L. J. and Schnute, J. T. and Kronlund, A. R. and Beamish, R. J.},
 journal              = {Canadian Journal of Fisheries and Aquatic Sciences},
 pages                = {1801-1815},
 title                = {Statistical models for the analysis of ageing error},
 volume               = {49},
 year                 = {1992},
 }

@article{Ricker1975,
 author               = {Ricker, W. E.},
 journal              = {Bulletin of the Fisheries Research Board of Canada},
 pages                = {382 pp.},
 title                = {Computation and Interpretation of Biological Statistics of Fish Populations},
 volume               = {191},
 year                 = {1975},
 }

@article{Ricklefs1997,
 author               = {Ricklefs, R.},
 journal              = {Ecological Monographs},
 pages                = {23-43},
 title                = {Comparative demography of new world populations of thrushes (\emph{Turdus} spp.)},
 volume               = {67},
 year                 = {1997},
 }

@article{RobertsSahu1997,
 author               = {Roberts, G. O. and Sahu, S. K.},
 journal              = {Journal of the Royal Statistical Society, Series B},
 pages                = {291-317},
 title                = {Updating schemes, correlation structure, blocking and parameterization for the Gibbs sampler},
 volume               = {59},
 year                 = {1997},
 }

@article{RobinsonEtAl2004,
 author               = {Robinson, R. A. and Green, R. E. and Baillie, S. R. and Peach, W. J. and Thomson, D. L.},
 journal              = {Journal of Animal Ecology},
 pages                = {670--782},
 title                = {Demographic mechanism of the population decline of the song thrush Turdus philomelos in Britain},
 volume               = {73},
 year                 = {2004},
 }

@article{RoseEtAl2001,
 author               = {Rose, K. A. and Cowan Jr, J. H. and Winemiller, K. O. and Myers, R. A. and Hilborn, R.},
 journal              = {Fish and Fisheries},
 pages                = {293-327},
 title                = {Compensatory density dependence in fish populations: importance, controversy, understanding, and prognosis},
 volume               = {2},
 year                 = {2001},
 }

@article{RosenbergEtAl06,
 author               = {Rosenberg, A. A. and Swasey, J. H. and Bowman, M.},
 journal              = {Frontiers in Ecology and the Environment},
 pages                = {303-308},
 title                = {Rebuilding US fisheries: progress and problems},
 volume               = {4},
 year                 = {2006},
 }

@article{RosenberryEtAl2004,
 author               = {Rosenberry, C. S. and Diefenbach, D. R. and Wallingford, B. D.},
 journal              = {Journal of Wildlife Management},
 pages                = {860-869},
 title                = {Reporting-rate variability and precision of white-tailed deer harvest estimates in Pennsylvania},
 volume               = {68},
 year                 = {2004},
 }

@article{Royle2008,
 author               = {Royle, J. A.},
 journal              = {Biometrics},
 pages                = {364-370},
 title                = {Modeling individual effects in the {C}ormack-{J}olly-{S}eber model: a state-space formulation},
 volume               = {64},
 year                 = {2008},
 }

@article{Royle2015,
  title={Spatial Capture-recapture with Partial Identity},
  author={Royle, J Andrew},
  journal={arXiv preprint arXiv:1503.06873},
  year={2015}
}

@article{RoyleEtAl2007,
 author               = {Royle, J. A. and Dorazio, R. M and Link, W. A},
 journal              = {Journal of Computational and Graphical Statistics},
 pages                = {67-85},
 title                = {Analysis of multinomial models with unknown index using data augmentation},
 volume               = {16},
 year                 = {2007},
 }

@article{RoyleEtAl2009,
 author               = {Royle, J. Andrew and Karanth, K. Ullas and Gopalaswamy, Arjun M. and Kumar, N. Samba},
 journal              = {Ecology},
 pages                = {3233-3244},
 title                = {Bayesian inference in camera trapping studies for a class of spatial capture-recapture models},
 volume               = {90},
 year                 = {2009},
 }

@article{RoyleLink2002,
 author               = {Royle, J. A. and Link, W. A.},
 journal              = {Journal of Applied Statistics},
 pages                = {329-351},
 title                = {Random effects and shrinkage estimation in capture-recapture models},
 volume               = {29},
 year                 = {2002},
 }

@Manual{RTeam2013,
  title = {R: A Language and Environment for Statistical Computing},
  author = {{R Core Team}},
  organization = {R Foundation for Statistical Computing},
  address = {Vienna, Austria. http://www.R-project.org/},
  year = {2013},
  url = {http://www.R-project.org/},
}

@article{RubinSchenker1986,
  title={Multiple imputation for interval estimation from simple random samples with ignorable nonresponse},
  author={Rubin, Donald B and Schenker, Nathaniel},
  journal={Journal of the American Statistical Association},
  volume={81},
  number={394},
  pages={366--374},
  year={1986},
  publisher={Taylor \& Francis}
}

@article{RuellEtAl2009,
 author               = {Ruell, E. W. and Riley, S. P. D. and Douglas, M. R. and Pollinger, J. P. and Crooks, K. R.},
 journal              = {Journal of Mammalogy},
 pages                = {129-135},
 title                = {Estimating bobcat population sizes and densities in a fragmented urban landscape using noninvasive capture-recapture sampling},
 volume               = {90},
 year                 = {2009},
 }

@article{RungeEtAl2007,
 author               = {Runge, J. P. and Hines, J. E. and Nichols, J. D.},
 journal              = {Ecology},
 pages                = {282-288},
 title                = {Estimating species-specific survival and movement when species identification is uncertain},
 volume               = {88},
 year                 = {2007},
 }

@article{RyanEtAl2011,
 author               = {Ryan, G. E. and Dove, V. and Trujillo, F. and Doherty, P. F.},
 journal              = {Ecosphere},
 pages                = {art58},
 title                = {Irrawaddy dolphin demography in the Mekong River: an application of mark-resight models},
 volume               = {2},
 year                 = {2011},
 }

@article{SamuelEtAl1990,
 author               = {Samuel, M. D. and Rusch, D. H. and Craven, S.},
 journal              = {Journal of Wildlife Management},
 owner                = {paul.conn},
 pages                = {45-54},
 timestamp            = {2009.12.21},
 title                = {Influence of neck bands on recovery and survival rates of Canada geese},
 volume               = {54},
 year                 = {1990},
 }
 
@Manual{SardaEspinosa2017,
    title = {dtwclust: Time Series Clustering Along with Optimizations for the Dynamic
Time Warping Distance},
    author = {Alexis Sarda-Espinosa},
    year = {2017},
    note = {R package version 3.1.2},
    url = {https://CRAN.R-project.org/package=dtwclust},
}

@book{SAS2004,
 address              = {Cary, NC},
 author               = {{SAS Institute Inc}},
 publisher            = {SAS Institute Inc.},
 title                = {SAS/IML 9.1 User's Guide},
 year                 = {2004},
 }

@article{Schaefer1954,
 author               = {Schaefer, M. B.},
 journal              = {Bulletin of the Inter-American Tropical Tuna Commission},
 pages                = {27-56},
 title                = {Some aspects of the dynamics of populations important to the management of the commercial marine fisheries},
 volume               = {1},
 year                 = {1954},
 }

@article{Schaefer1957,
 author               = {Schaefer, M. B.},
 journal              = {Bulletin of the Inter-American Tropical Tuna Commission},
 pages                = {247-268},
 title                = {A study of the dynamics of the fishery for yellowfin tuna in the eastern tropical Pacific Ocean},
 volume               = {2},
 year                 = {1957},
 }

@article{SchaubEtAl2005,
 author               = {Schaub, M. and Kania, W. and Koppen, U.},
 journal              = {Journal of Animal Ecology},
 pages                = {656-666},
 title                = {Variation of primary production during winter induces synchrony in survival rates in migratory white storks Ciconia ciconia},
 volume               = {74},
 year                 = {2005},
 }

@article{SchaubPradel2004,
 author               = {Schaub, M. and Pradel, R.},
 journal              = {Ecology},
 pages                = {930--938},
 title                = {Assessing the relative importance of different sources of mortality from recoveries of marked animals},
 volume               = {85},
 year                 = {2004},
 }

@article{SchnuteRichards1995,
 author               = {Schnute, J. T. and Richards, L. J.},
 journal              = {Canadian Journal of Fisheries and Aquatic Sciences},
 pages                = {2063-2077},
 title                = {The influence of error on population estimates from catch-age models},
 volume               = {52},
 year                 = {1995},
 }

@article{SchofieldBarker2008,
 author               = {Schofield, M. R. and Barker, R. J.},
 journal              = {Journal of Agricultural, Biological and Environmental Statistics},
 pages                = {458-477},
 title                = {A unified capture-recapture framework},
 volume               = {13},
 year                 = {2008},
 }

@article{Schwarz1978,
 author               = {Schwarz, G.},
 journal              = {The Annals of Statistics},
 pages                = {461-464},
 title                = {Estimating the dimension of a model},
 volume               = {6},
 year                 = {1978},
 }

@article{SchwarzEtAl1993,
 author               = {Schwarz, C. J. and Schweigert, J. F. and Arnason, A. N.},
 journal              = {Biometrics},
 pages                = {177-193},
 title                = {Estimating migration rates using tag-recovery data},
 volume               = {49},
 year                 = {1993},
 }

@article{SchwarzSeber1999,
 author               = {Schwarz, C. J. and Seber, G. A. F.},
 journal              = {Statistical Science},
 note                 = {to appear},
 title                = {Estimating animal abundance: review {III}.~},
 year                 = {1999},
 }

@article{SearleEtAl1980,
 author               = {Searle, S.R. and Speed, F.M. and Milliken, G.A.},
 journal              = {American Statistician},
 owner                = {paul.conn},
 pages                = {216-221},
 timestamp            = {2010.07.06},
 title                = {Population marginal means in the linear model: An alternative to least squares means},
 volume               = {34},
 year                 = {1980},
 }

@book{Seber1982,
 address              = {Caldwell, NJ, USA},
 author               = {Seber, G. A. F.},
 publisher            = {Blackburn Press},
 title                = {The Estimation of Animal Abundance and Related Parameters, 2nd Edition},
 year                 = {1982},
 }

@manual{SEDAR10AW2006,
 address              = {Available from http://www.sefsc.noaa.gov/sedar/ [accessed 6 March 2009]},
 author               = {SEDAR},
 title                = {(SouthEast Data Assessment and Review) SEDAR 10 Assessment Workshop Report [online]},
 year                 = {2006},
 }

@manual{SEDAR15AW2007,
 address              = {Available from http://www.sefsc.noaa.gov/sedar/ [accessed 6 March 2009]},
 author               = {SEDAR},
 title                = {(SouthEast Data Assessment and Review) SEDAR 15 Assessment Workshop Report [online]},
 year                 = {2007},
 }

@manual{SEDAR15data2007,
 author               = {SEDAR},
 title                = {SEDAR 15 Data Workshop Report},
 year                 = {2007},
 }

@incollection{ShertzerEtAl2008,
 address              = {Oxford},
 author               = {Shertzer, K. W. and Prager, M. H. and Vaughan, D. S. and Williams, E. H.},
 booktitle            = {Population Dynamics. Vol. [2] of Encyclopedia of Ecology, 5 vols.},
 editor               = {Jorgensen, S. E. and Fath, F.},
 pages                = {1582-1593},
 publisher            = {Elsevier},
 title                = {Fishery models},
 year                 = {2008},
 }

@article{ShertzerPrager06,
 author               = {Shertzer, K. W. and Prager, M. H.},
 journal              = {ICES Journal of Marine Science},
 pages                = {149-159},
 title                = {Delay in fishery management: diminished yield, longer rebuilding, and increased probability of stock collapse},
 volume               = {64},
 year                 = {2006},
 }

@book{Silverman1986,
 address              = {London},
 author               = {Silverman, B. W.},
 publisher            = {Chapman \& Hall},
 title                = {Density Estimation for Statistics and Data Analysis},
 year                 = {1986},
 }

@book{SkalskiEtAl2005,
 address              = {San Diego, CA, USA},
 author               = {Skalski, J. R. and Ryding, K. E. and Millspaugh, J. J.},
 publisher            = {Elsevier Academic Press},
 title                = {Wildlife demography: analysis of sex, age, and count data},
 year                 = {2005},
 }

@article{Smith1991,
 author               = {Smith, P. J.},
 journal              = {Biometrika},
 pages                = {399-407},
 title                = {Bayesian analyses for a multiple capture-recapture model},
 volume               = {78},
 year                 = {1991},
 }

@article{SoisaloCavalcanti2006,
 author               = {Soisalo, M. K. and Cavalcanti, S. M. C.},
 journal              = {Biological Conservation},
 owner                = {paul.conn},
 pages                = {487-496},
 timestamp            = {2009.12.21},
 title                = {Estimating the density of a jaguar population in the Brazilian Pantanal using camera-traps and capture-recapture sampling in combination with GPS radio-telemetry},
 volume               = {129},
 year                 = {2006},
 }

@article{SpiegelhalterEtAl2002,
 author               = {Spiegelhalter, D. J. and Best, N. G. and Carlin, B. P. and van der Linde, A.},
 journal              = {Journal of the Royal Statistical Society Series B},
 pages                = {583--639},
 title                = {Bayesian measures of model complexity and fit},
 volume               = {64},
 year                 = {2002},
 }

@book{SteelEtAl1997,
 address              = {Boston, MA, USA},
 author               = {Steel, R. G. D. and Torrie, J. H. and Dickey, D. A.},
 publisher            = {McGraw Hill},
 title                = {Principles and Procedures of Statistics: A Biometrical Approach, Third Edition},
 year                 = {1997},
 }

@article{StJohnSyers2005,
 author               = {St. John, J. and Syers, C. J.},
 journal              = {Fisheries Research},
 pages                = {106-116},
 title                = {Mortality of the demersal West Australian dhufish, Glaucosoma hebraicum (Richardson 1845) following catch and release: the influence of capture depth, venting and hook type},
 volume               = {76},
 year                 = {2005},
 }

@article{Sundberg1999,
 author               = {Sundberg, R.},
 journal              = {Scandinavian Journal of Statistics},
 pages                = {161-207},
 title                = {Multivariate calibration - direct and inderect regression methodology},
 volume               = {26},
 year                 = {1999},
 }

@article{Taberletetal1996,
 author               = {Taberlet, P. and Griffin, S. and Goossens, B. and Questiau, S. and Manceau, V. and Escaravage, N. and Waits, L. P. and Bouvet, J.},
 journal              = {Nucleic Acids Research},
 pages                = {3189-3194},
 title                = {Reliable genotyping of samples with very low {DNA} quantities using {PCR}},
 volume               = {24},
 year                 = {1996},
 }

@article{TaberletEtAl1996,
 author               = {Taberlet, P. and Griffin, S. and Goossens, B. and Questiau, S. and Manceau, V. and Escaravage, N. and Waits, L. P. and Bouvet, J.},
 journal              = {Nucleic Acids Research},
 pages                = {3189-3194},
 title                = {Reliable genotyping of samples with very low {DNA} quantities using {PCR}},
 volume               = {24},
 year                 = {1996},
 }

@article{Taberletetal1996,
 author               = {Taberlet, P. and Griffin, S. and Goossens, B. and Questiau, S. and Manceau, V. and Escaravage, N. and Waits, L. P. and Bouvet, J.},
 journal              = {Nucleic Acids Research},
 pages                = {3189-3194},
 title                = {Reliable genotyping of samples with very low {DNA} quantities using {PCR}},
 volume               = {24},
 year                 = {1996},
 }

@article{Tancredi&Liseo2011,
 author               = {Tancredi, A. and Liseo, B.},
 journal              = {The Annals of Applied Statistics},
 pages                = {1553-1585},
 title                = {A hierarchical {B}ayesian approach to record linkage and population size problems},
 volume               = {5},
 year                 = {2011},
 }

@article{TancrediEtAl2013,
 author               = {Tancredi, A. and Auger-Methe, M. and Marcoux, M. and Liseo, B.},
 journal              = {Environmental and Ecological Statistics},
 pages                = {647-665},
 title                = {Accounting for matching uncertainty in two stage capture-recapture experiments using photographic measurements of natural marks},
 volume               = {20},
 year                 = {2013},
 }

@book{Thompson1992,
 address              = {New York, USA},
 author               = {Thompson, S. K.},
 journal              = {Unknown Journal},
 publisher            = {Wiley-Interscience},
 title                = {Sampling},
 year                 = {1992},
 }

@article{UdevitzBallachey1998,
 author               = {Udevitz, M. S. and Ballachey, B. E.},
 journal              = {Journal of Wildlife Management},
 pages                = {779-792},
 title                = {Estimating survival rates with age-structure data},
 volume               = {62},
 year                 = {1998},
 }

@book{VenablesRipley2002,
 address              = {New York},
 author               = {Venables, W. N. and Ripley, B. D.},
 publisher            = {Springer},
 title                = {Modern Applied Statistics with S, 4th Edition},
 year                 = {2002},
 }

@article{VirtalaEtAl1998,
 author               = {Virtala, M. and Kuikka, S. and Arjas, E.},
 journal              = {ICES Journal of Marine Science},
 pages                = {892-904},
 title                = {Stochastic virtual population analysis},
 volume               = {55},
 year                 = {1998},
 }

@article{VounatsouSmith1995,
 author               = {Vounatsou, P. and Smith, A. F. M},
 journal              = {Biometrics},
 optmonth             = {June},
 pages                = {687--708},
 title                = {Bayesian analysis of ring-recovery data via {Markov} chain {Monte Carlo} simulation},
 volume               = {51},
 year                 = {1995},
 }

@article{WallEtAl2014,
  title={Elliptical Time-Density model to estimate wildlife utilization distributions},
  author={Wall, Jake and Wittemyer, George and LeMay, Valerie and Douglas-Hamilton, Iain and Klinkenberg, Brian},
  journal={Methods in Ecology and Evolution},
  volume={5},
  number={8},
  pages={780--790},
  year={2014},
  publisher={Wiley Online Library}
}

@book{Walters86,
 address              = {New York},
 author               = {Walters, C. J.},
 publisher            = {Macmillan},
 title                = {Adaptive Management of Renewable Resources},
 year                 = {1986},
 }

@article{WernhemPeach1999,
 author               = {Wernhem, C. V. and Peach, W. J.},
 journal              = {Bird Study},
 pages                = {189--197},
 title                = {Use of ring recoveries to monitor long-term changes in the survvial rates of British and Irish cormorants Phalacrocorax carbo},
 volume               = {46},
 year                 = {1999},
 }

@article{WhiteBurnham1999,
 author               = {White, G. C. and Burnham, K. P.},
 journal              = {Bird Study},
 pages                = {S120-S138},
 title                = {Program {MARK}: Survival estimation from populations of marked animals},
 volume               = {46},
 year                 = {1999},
 }
 
@article {WhoriskeyEtAl2017,
author = {Whoriskey, Kim and Auger-M{\'e}th{\'e}, Marie and Albertsen, Christoffer M. and Whoriskey, Frederick G. and Binder, Thomas R. and Krueger, Charles C. and Mills Flemming, Joanna},
title = {A hidden Markov movement model for rapidly identifying behavioral states from animal tracks},
journal = {Ecology and Evolution},
volume = {7},
number = {7},
issn = {2045-7758},
url = {http://dx.doi.org/10.1002/ece3.2795},
doi = {10.1002/ece3.2795},
pages = {2112--2121},
keywords = {behavioral states, Great Lakes Acoustic Telemetry Observation System, movement ecology, Ocean Tracking Network, TMB, swim},
year = {2017},
}


@article{WilbergBence2006,
 author               = {Wilberg, M. J. and Bence, J. R.},
 journal              = {Canadian Journal of Fisheries and Aquatic Sciences},
 pages                = {2275-2285},
 title                = {Performance of time-varying catchability estimators in statistical catch-at-age analysis},
 volume               = {63},
 year                 = {2006},
 }

@book{WilliamsEtAl2002,
 address              = {San Diego, CA, USA},
 author               = {Williams, B. K. and Nichols, J. D. and Conroy, M. J.},
 publisher            = {Academic Press},
 title                = {Analysis and Management of Animal Populations},
 year                 = {2002},
 }

@article{WilliamsShertzer2003,
 author               = {Williams, E. H. and Shertzer, K. W.},
 journal              = {Canadian Journal of Fisheries and Aquatic Sciences},
 pages                = {710-720},
 title                = {Implications of life-history invariants for biological reference points used in fishery management},
 volume               = {60},
 year                 = {2003},
 }

@article{WilsonEtAl1999,
 author               = {Wilson, B. and Hammond, P. S. and Thompson, P. M.},
 journal              = {Ecological Applications},
 pages                = {288-300},
 title                = {Estimating size and assessing trends in a coastal bottlenose dolphin population},
 volume               = {9},
 year                 = {1999},
 }

@article{WoolhouseChandiwana1992,
 author               = {Woolhouse, M. E. J. and Chandiwana, S. K.},
 journal              = {Parasitology},
 pages                = {443-449},
 title                = {A further model for temporal patterns in the epidemiology of schistomsome infections of snails},
 volume               = {104},
 year                 = {1992},
 }

@article{WrightEtAl2009,
 author               = {Wright, J. A. and Barker, R. J. and Schofield, M. R. and Frantz, A. C. and Byrom, A. E. and Gleeson, D. M.},
 journal              = {Biometrics},
 pages                = {833-840},
 title                = {Incorporating genotype uncertainty into mark-recapture-type models for estimating abundance using {DNA} samples},
 volume               = {65},
 year                 = {2009},
 }

@article{YinSampson2004,
 author               = {Yin, Y. and Sampson, D. B.},
 journal              = {North American Journal of Fisheries Management},
 pages                = {865-879},
 title                = {Bias and precision of estimates from an age-structured stock assessment program in relation to stock and data characteristics},
 volume               = {24},
 year                 = {2004},
 }

@article{YipEtAl1995a,
 author               = {Yip, P. S. F. and Bruno, G. and Tajima, N. and Seber, G. A. F. and Buckland, S. T. and Cormack, R. M. and Unwin, N. and Chang, Y. F. and Fienberg, S. E. and Junker, B. W. and LaPorte, R. E. and Libman, I. M. and McCarty, D. J.},
 journal              = {American Journal of Epidemiology},
 pages                = {1047-1058},
 title                = {Capture-recapture and multiple-record systems estimation I: history and theoretical development},
 volume               = {142},
 year                 = {1995},
 }

@article{YipEtAl1995b,
 author               = {Yip, P. S. F. and Bruno, G. and Tajima, N. and Seber, G. A. F. and Buckland, S. T. and Cormack, R. M. and Unwin, N. and Chang, Y. F. and Fienberg, S. E. and Junker, B. W. and LaPorte, R. E. and Libman, I. M. and McCarty, D. J.},
 journal              = {American Journal of Epidemiology},
 pages                = {1059-1068},
 title                = {Capture-recapture and multiple-record systems estimation II: applications in human diseases},
 volume               = {142},
 year                 = {1995},
 }

@phdthesis{Yoshizaki2007,
 address              = {Raleigh},
 author               = {Yoshizaki, J.},
 journal              = {Unknown Journal},
 school               = {North Carolina State University},
 title                = {Use of natural tags in closed population capture-recapture studies: modeling misidentification},
 year                 = {2007},
 }

@article{YoshizakiEtAl2009,
 author               = {Yoshizaki, J. and Pollock, K. H. and Brownie, C. and Webster, R. A.},
 journal              = {Ecology},
 owner                = {paul.conn},
 pages                = {3-9},
 timestamp            = {2009.12.21},
 title                = {Modeling misidentification errors in capture-recapture studies using photographic identification of evolving marks},
 volume               = {90},
 year                 = {2009},
 }

@article{YoshizakiEtAl2011,
 author               = {Yoshizaki, J. and Brownie, C. and Pollock, K. H. and Link, W. A.},
 journal              = {Environmental and Ecological Statistics},
 pages                = {27-55},
 title                = {Modeling misidentification errors that result from use of genetic tags in capture-recapture studies},
 volume               = {18},
 year                 = {2011},
 }

@article{Zippin1956,
 author               = {Zippin, C.},
 journal              = {Biometrics},
 pages                = {163-189},
 title                = {An evaluation of the removal method of estimating animal pouplations},
 volume               = {12},
 year                 = {1956},
 }
 
@book{ZucchiniEtAl2016,
  title={Hidden Markov Models for Time Series: An Introduction Using R},
  author={Zucchini, Walter and MacDonald, Iain L and Langrock, Roland},
  year={2016},
  publisher={CRC Press}
}
